1891 3292
671 677 921 731 APPEND
934 690 994 732 n<

426 964 752 1004 EPITAPHIUM
782 971 945 1005 ABAVI
974 973 1198 1011 POLANCI
1229 979 1237 997 ¹

22 1155 113 1192 este
152 1163 256 1191 arco
300 1165 329 1205 y
369 1151 601 1206 sepultura
640 1154 800 1196 Redifi-
880 1157 985 1199 Este
1024 1173 1126 1201 arco
1149 1176 1175 1215 y
1209 1163 1439 1217 sepultura
1472 1167 1641 1210 reedifi-

22 1222 155 1250 caron
180 1209 393 1265 gregorio
418 1210 474 1253 de
498 1212 690 1266 polanco
715 1229 743 1268 y
766 1239 801 1246 --
878 1230 1011 1259 caron
1034 1219 1256 1274 Gregorio
1280 1222 1335 1265 de
1359 1225 1554 1268 Polanco
1579 1226 1591 1245 ²
1615 1242 1642 1282 y

27 1268 115 1326 'de
139 1269 328 1323 polanco
352 1269 536 1324 quintos
566 1285 802 1316 sucesores
876 1276 1056 1319 Andres
1085 1279 1138 1321 de
1174 1280 1370 1324 Polanco
1403 1282 1433 1335 ³,
1466 1285 1645 1339 quintos

23 1327 92 1370 del
118 1342 221 1383 mag
245 1327 296 1385 [ἓ]
316 1330 375 1385 Ju
400 1329 528 1385 lope-
558 1331 614 1373 de
646 1333 796 1386 polan·
874 1349 1107 1380 sucesores
1130 1338 1200 1381 del
1230 1342 1470 1395 magnifico
1493 1346 1643 1401 ³Juan

23 1400 74 1428 co
96 1387 124 1428 b
154 1401 242 1442 que
268 1391 341 1430 fue
373 1413 408 1419 --
435 1394 444 1446 Ι
477 1389 607 1444 lugar
629 1392 669 1432 el
694 1393 797 1445 qual
873 1394 1022 1449 Lopez
1040 1397 1094 1439 de
1114 1398 1310 1441 Polanco
1328 1400 1360 1455 ⁴,
1380 1402 1534 1445 vecino
1557 1418 1643 1458 que

24 1454 115 1489 esta
140 1447 244 1501 aqui
263 1448 502 1491 enterrado
523 1449 659 1504 padre
677 1464 702 1504 q
724 1452 798 1494 fue
874 1454 948 1495 fue
971 1455 1026 1498 de
1054 1463 1147 1499 este
1176 1457 1320 1514 lugar,
1352 1462 1391 1502 el
1421 1462 1520 1504 cual
1549 1467 1644 1505 esta

23 1505 76 1547 de
107 1506 245 1560 gons⁰
277 1508 403 1562 lopez
433 1508 488 1551 de
519 1509 710 1563 polanco
737 1510 746 1568 Ι
771 1525 797 1565 q
872 1516 974 1567 aqui
1004 1517 1254 1560 enterrado:
1287 1519 1424 1573 padre
1453 1534 1539 1575 que
1569 1523 1643 1564 fue

23 1572 116 1607 esta
138 1567 378 1609 enterrado
407 1581 462 1609 en
487 1568 528 1609 la
557 1568 719 1611 ziudad
742 1571 797 1613 de
871 1572 926 1614 de
943 1573 1146 1617 Gonzalo
1165 1576 1314 1631 Lopez
1331 1578 1386 1621 de
1397 1580 1590 1623 Polanco
1609 1581 1640 1633 ⁵,

23 1623 191 1677 burgos
229 1640 284 1667 en
324 1627 363 1668 la
403 1627 575 1682 yglesia
619 1629 674 1670 de
718 1643 797 1672 san
871 1645 958 1685 que
980 1637 1074 1676 esta
1092 1637 1327 1678 enterrado
1345 1652 1399 1680 en
1419 1638 1459 1680 la
1482 1639 1643 1682 ciudad

25 1683 191 1726 nicolas
234 1700 262 1741 y
303 1685 367 1742 [?]
409 1700 462 1728 su
513 1686 577 1743 [Ρ]
615 1688 676 1729 alt
709 1687 717 1746 Ι
750 1704 798 1732 ar
872 1691 927 1732 de
948 1693 1141 1748 Burgos,
1163 1709 1218 1736 en
1242 1696 1282 1738 la
1300 1695 1457 1749 iglesia
1475 1698 1530 1741 (16
1553 1700 1643 1742 San

23 1743 160 1785 maior
188 1758 216 1799 y
245 1745 407 1787 abuelo
437 1745 492 1787 (16
527 1746 576 1787 a0
619 1748 674 1790 de
713 1763 795 1804 po·
872 1750 1054 1794 Nicolas
1077 1751 1091 1771 ⁶
1115 1768 1143 1808 y
1166 1767 1218 1796 su
1242 1755 1259 1779 ¹³
1281 1756 1393 1797 altar
1421 1771 1593 1812 mayor;
1619 1773 1646 1813 y

23 1802 150 1845 lanco
193 1818 221 1858 y
260 1806 400 1859 gonz⁰
443 1805 571 1860 lopez
615 1807 670 1848 de
714 1822 796 1863 po-
874 1810 1035 1853 abuelo
1072 1812 1128 1855 de
1157 1813 1326 1856 Alonso
1355 1821 1371 1839 0
1399 1815 1454 1858 de
1485 1817 1646 1860 Polan-

19 1861 150 1904 vlanco
173 1877 225 1905 su
258 1865 475 1906 hermano
499 1879 525 1919 q
556 1865 645 1907 hiz-
685 1864 693 1922 Ι
720 1869 796 1910 ha·
875 1882 928 1911 co
963 1868 975 1888 ⁷
1009 1885 1037 1925 y
1070 1871 1274 1915 Gonzalo
1303 1874 1453 1930 Lopez
1481 1876 1536 1918 de
1561 1878 1645 1918 Ρο-

25 1935 96 1963 zer
144 1923 183 1965 61
238 1924 327 1966 dho
375 1924 488 1966 altar
538 1939 695 1980 mayor
744 1927 799 1970 de
875 1929 1005 1971 lanco
1037 1929 1068 1982 ⁸,
1094 1945 1146 1973 su
1171 1933 1403 1987 hermano,
1429 1948 1516 1988 que
1545 1936 1646 1977 hizo

875 1989 1009 2031 hacer
1037 1991 1077 2032 61
1106 1990 1237 2034 dicho
1269 1993 1380 2035 altar
1412 2007 1565 2049 mayor
1593 1996 1648 2037 de

93 2119 109 2136 a
165 2109 384 2144 Obscurum
417 2110 460 2145 in
494 2111 645 2157 lapide:
670 2122 758 2156 mag
797 2111 1026 2158 [magistro?]
1053 2125 1104 2148 an
1133 2114 1238 2159 mog?
1272 2115 1422 2151 Forsan
1459 2129 1544 2163 may
1575 2123 1650 2164 pro

27 2155 173 2202 mayor?
224 2159 289 2184 -b
318 2157 447 2193 Lectio
468 2159 610 2194 horum
632 2158 767 2193 dubia:
786 2160 935 2205 forsan
957 2171 1004 2195 en
1036 2172 1093 2196 su.
1147 2171 1210 2189 —0
1239 2162 1357 2208 Lapis
1374 2164 1485 2199 habet
1503 2166 1553 2205 a⁰;
1584 2168 1650 2201 sed

24 2204 250 2250 eztmsuisse.
271 2205 488 2251 Alfonsum
510 2206 686 2250 (Alonso)
702 2207 848 2242 scimus
862 2207 1042 2243 aliunde:
1057 2208 1109 2254 cf.
1130 2214 1266 2247 annot.
1286 2218 1307 2254 7
1324 2214 1360 2246 et
1378 2223 1553 2250 monum.
1573 2225 1647 2259 seq.

94 2331 103 2350 ¹
156 2332 212 2365 Ex
232 2332 481 2378 inscriptione
501 2332 720 2379 sepulcrali,
742 2332 780 2367 in
795 2332 922 2378 lapide
937 2338 1105 2378 exarata,
1124 2334 1188 2381 qui
1204 2336 1294 2370 olim
1311 2336 1348 2370 in
1368 2338 1510 2372 sacello
1532 2339 1649 2373 maxi-

26 2379 135 2412 moin
156 2381 300 2425 templo
318 2381 448 2426 oppidi
469 2381 625 2416 Polanci
648 2380 886 2425 (provinciae
912 2380 1126 2416 Santander
1153 2382 1189 2416 in
1215 2382 1415 2428 Hispania)
1440 2386 1650 2420 collocatus

25 2425 108 2460 fuit.
129 2426 291 2472 Templo
309 2427 448 2472 diruto,
470 2435 509 2463 et
529 2429 578 2463 ab
597 2427 757 2472 egregio
776 2427 858 2462 viro
876 2428 925 2465 D.
942 2427 1115 2474 Josepho
1132 2429 1249 2464 Maria
1267 2430 1315 2464 de
1343 2431 1489 2466 Pereda
1509 2433 1650 2468 instau-

25 2479 119 2516 rato,
141 2474 236 2519 lapis
256 2477 464 2510 translatus
482 2482 555 2519 est,
577 2475 860 2521 impositusque
881 2476 1030 2521 parieti,
1054 2487 1172 2522 prope
1191 2478 1474 2523 presbyterium
1495 2479 1531 2514 in
1559 2481 1650 2514 late-

25 2532 64 2555 re
84 2521 340 2566 «Epistolae»,
358 2529 399 2558 ut
419 2530 572 2566 vocant,
590 2524 656 2558 ubi
673 2522 710 2557 in
726 2522 945 2568 praesentia
960 2525 1162 2568 reperitur.
1180 2524 1305 2559 Pauca
1325 2526 1526 2561 obliterata
1545 2533 1647 2570 sunt,

26 2568 108 2603 sive
122 2574 233 2614 rupto
253 2570 378 2616 lapide
398 2571 482 2606 sive
501 2582 633 2614 exeso,
655 2581 754 2616 quae
769 2581 837 2604 nos
865 2570 912 2604 de
933 2581 1037 2605 more
1057 2571 1208 2606 lineoiis
1227 2571 1439 2608 indicamus
1470 2573 1508 2608 in
1535 2574 1650 2620 priori

27 2617 215 2661 columna;
237 2617 274 2652 in
296 2619 349 2653 2.‘³
367 2624 512 2663 antem,
535 2620 833 2664 interpretamur
852 2629 900 2651 ex
920 2618 1083 2662 integro.

95 2663 107 2682 ²
159 2664 292 2699 Frater
311 2666 431 2700 nostri
451 2665 625 2712 Joannis,
653 2670 691 2700 et
718 2664 766 2699 de
792 2676 868 2710 quo
894 2676 970 2699 non
1001 2666 1120 2700 semel
1151 2666 1225 2700 vol.
1248 2666 1273 2703 I:
1296 2665 1345 2703 cf.
1366 2678 1452 2712 pag.
1475 2678 1509 2711 4,
1529 2670 1566 2703 in
1586 2680 1650 2704 an-

27 2716 103 2746 not.
124 2719 159 2755 4,
182 2723 218 2747 n.
240 2712 306 2749 IV.
329 2712 438 2750 Obiit
458 2714 521 2748 ille
542 2721 586 2748 22
604 2713 714 2759 Sept.
739 2711 828 2756 1563
848 2713 938 2755 (vol.
960 2712 988 2756 I,
1011 2715 1109 2757 405)3
1131 2713 1342 2758 putandum
1364 2724 1472 2759 porro
1491 2726 1577 2750 eum
1598 2717 1649 2751 vi·

28 2766 181 2793 ventem
202 2759 290 2794 huic
309 2766 558 2796 monumento
578 2771 733 2807 operam
754 2759 920 2794 dedisse.

96 2805 109 2824 ³
158 2806 275 2852 Ibid.‚
294 2820 331 2843 n.
354 2808 406 2844 V.

96 2854 109 2872 ⁴
160 2854 274 2899 Ibid.‚
294 2867 331 2890 n.
353 2857 383 2891 Ι.

96 2901 109 2919 ⁵
159 2901 273 2947 Ibid.‚
294 2915 331 2938 n.
353 2904 370 2937 Ι
389 2909 427 2938 et
446 2902 494 2938 II.
517 2903 660 2938 Verum
682 2902 806 2936 locum
827 2900 910 2947 ejus
937 2901 1161 2946 sepulturae
1180 2900 1387 2936 nescimus.

96 2948 110 2967 ὅ
161 2948 220 2986 Cf.
242 2961 410 2986 monum.
429 2963 528 2998 seq.‚
548 2955 679 2986 annot.
704 2957 734 2984 1.

97 2995 108 3014 ⁷
159 2997 244 3032 Vol.
266 2998 297 3041 Ι,
318 2999 345 3033 l.
371 3010 421 3043 6.,
442 3010 480 3035 n.
501 2998 536 3033 II
556 3003 595 3033 et
614 2996 661 3040 V3
681 2996 730 3032 cf.
753 3001 791 3030 et
811 3007 978 3030 monum.
1001 3006 1082 3041 seq.

96 3044 110 3063 ⁸
164 3044 244 3082 Vol.
266 3046 295 3088 Ι,
313 3047 337 3080 1.
357 3057 407 3089 c.‚
427 3057 464 3082 n.
487 3046 521 3080 II
541 3051 579 3080 et
600 3044 665 3088 ΙΙΙ,
687 3043 737 3080 cf.
758 3048 796 3077 et
816 3042 928 3086 infra,
950 3054 1119 3077 monum.
1142 3041 1177 3077 3.
