1891 3292
0 2982 3 2996 l

0 3007 3 3020 ¹
47 3015 336 3074 chiepiscopis
359 3029 403 3064 et
432 3022 654 3078 episcopis
686 3032 733 3065 ut
756 3038 864 3066 suae
897 3024 1144 3066 uocationis
1173 3014 1554 3081 obligationisque
1578 3040 1666 3068 me-

504 229 644 262 EPIST.
682 228 841 271 199.—8
870 229 1102 263 FEBRUARH
1135 228 1222 272 1573
1565 240 1634 274 259

135 342 175 372 2.
243 329 507 384 Optandum
531 341 652 370 esset
677 336 724 369 ut
747 342 856 369 suae
879 328 1132 370 sanctitatis
1163 330 1432 375 auctoritate
1456 340 1500 374 et
1523 331 1683 373 iussio-

48 422 103 450 ne
124 408 330 450 ederetur
358 405 470 447 liber
501 404 719 455 officialis,
752 404 975 458 agendam
1007 419 1191 460 uocant,
1225 408 1300 460 qui
1330 408 1583 452 contineret
1613 423 1679 450 sa-

47 484 130 527 cris
152 481 400 525 canonibus
423 481 783 524 consentientem
809 481 1005 524 medium
1036 483 1375 526 administrandi
1409 494 1579 541 septem
1611 500 1679 528 sa-

45 568 270 603 cramenta
292 558 526 609 ecclesiae,
549 566 778 600 creaturas
802 558 1115 611 benedicendi,
1140 561 1449 613 exorcizandi,
1470 571 1578 615 etc.,
1605 564 1678 605 ad-

46 643 426 690 monerenturque
448 634 648 690 episcopi
673 644 721 677 ut
743 635 969 677 huismodi
999 636 1138 677 libros
1162 636 1205 678 in
1238 638 1437 691 qualibet
1468 640 1679 693 parochia

45 711 299 757 conseruari
322 719 548 763 curarent;
572 712 644 754 uel
670 720 716 753 ut
740 727 819 767 pro
842 712 1106 755 diuersitate
1129 714 1494 769 episcopatuum,
1523 717 1680 759 docto-

46 805 140 833 rum
178 788 438 843 theologiae
481 788 664 839 iudicio,
706 803 813 831 suas
856 789 1057 844 agendas
1096 790 1152 831 ad
1199 805 1411 835 romanae
1455 794 1676 849 agendae,

45 875 259 923 quantum
282 866 379 907 fieri
402 874 569 921 posset,
596 866 892 908 imitationem
916 868 1103 910 ederent
1128 868 1200 911 uel
1224 870 1537 922 reformarent3
1575 872 1679 926 quia

44 947 87 986 in
110 944 272 986 multos
295 943 581 998 episcopatus
604 943 895 996 Germaniae,
923 958 1013 985 non
1036 944 1133 987 sine
1157 946 1351 987 maximo
1371 948 1523 1001 populi
1547 961 1677 990 scan-

44 1021 156 1072 dalo,
182 1019 412 1075 religionis
434 1019 765 1070 immutatione,
793 1020 876 1062 Dei
902 1020 1163 1073 offensione,
1184 1022 1516 1065 haereticorum
1541 1038 1675 1079 agen·

44 1098 139 1148 dae,
170 1105 247 1139 aut
280 1096 559 1151 priuatorum
589 1096 823 1138 hominum
854 1097 1062 1140 inuectae
1096 1107 1217 1150 sunt,
1241 1106 1285 1142 et
1320 1099 1521 1153 quotidie
1555 1100 1679 1143 inue-

46 1176 232 1226 huntur3
280 1174 386 1215 dum
431 1173 551 1215 enim
591 1174 697 1216 noui
736 1181 940 1228 pastores
979 1176 1146 1217 nullam
1186 1177 1410 1231 agendam
1449 1178 1677 1231 reperiunt

44 1250 275 1308 (episcopis
300 1252 418 1292 hanc
441 1265 533 1293 rem
558 1265 717 1305 parum
741 1259 819 1293 aut
842 1251 951 1293 nihil
975 1252 1277 1305 curantibus),
1307 1254 1376 1294 uel
1396 1268 1565 1297 nouum
1586 1270 1677 1296 mo-

44 1329 145 1370 dum
169 1335 449 1370 sacramenta
479 1327 819 1370 administrandi
849 1329 1272 1381 comminiscuntur,
1308 1332 1380 1372 uel
1409 1347 1432 1374 a
1462 1331 1586 1373 laicis
1615 1340 1677 1374 at-

44 1419 127 1460 que
155 1404 344 1448 aedituis
373 1418 524 1446 sacras
554 1405 860 1448 caeremonias
884 1406 1140 1448 addiscunt.
1170 1407 1291 1448 Hinc
1322 1408 1523 1450 nascitur
1554 1409 1677 1463 paul-

45 1481 162 1524 latim
185 1481 417 1536 religionis
441 1489 730 1536 contemptus
752 1490 796 1524 et
819 1481 1058 1526 discordia.
1439 1480 1443 1484 ’

130 1571 169 1612 3.
234 1558 336 1600 Non
370 1572 525 1613 parum
562 1568 849 1613 promoueret
887 1559 1156 1603 catholicam
1190 1558 1455 1616 religionem
1496 1576 1676 1616 quoque

43 1649 121 1677 sua
142 1634 370 1688 sanctitas,
393 1635 428 1677 si
451 1634 830 1690 archiepiscopos,
853 1636 1104 1691 episcopos,
1126 1638 1313 1680 abbates
1331 1638 1531 1692 aliosque
1550 1654 1677 1694 prae-

43 1712 173 1764 latos,
199 1726 389 1766 quorum
419 1712 702 1754 confirmatio
731 1728 756 1754 a
785 1714 891 1756 sede
925 1714 1170 1768 apostolica
1200 1716 1449 1770 dependet,
1483 1716 1675 1759 subinde

45 1802 119 1842 per
154 1788 274 1831 uiros
311 1789 470 1831 doctos
498 1797 542 1832 et
581 1789 810 1845 religionis
843 1799 1046 1832 amantes
1087 1791 1305 1846 uisitaret‚
1344 1793 1672 1848 obligationum

43 1878 150 1919 quas
177 1865 220 1906 in
252 1866 449 1908 Domino
483 1867 653 1908 habent
688 1867 974 1922 admoneret,
1012 1868 1254 1921 animaret3
1289 1869 1350 1911 ita
1383 1870 1500 1912 enim
1535 1885 1679 1913 nexus

43 1942 234 1996 corporis
257 1943 435 1997 mystici
458 1943 781 1985 indissolubilis
803 1957 1005 1987 maneret
1028 1945 1069 1986 in
1094 1946 1275 1988 uinculo
1298 1947 1457 2001 capitis
1476 1955 1520 1990 et
1538 1962 1676 1990 mem-

44 2019 234 2071 brorum3
262 2020 618 2074 reddereturque
647 2021 836 2063 ecclesia
868 2022 953 2063 hac
977 2022 1235 2064 uisitatione
1269 2024 1455 2079 regibus
1478 2032 1522 2067 et
1547 2025 1671 2079 prin-

43 2095 227 2150 cipibus,
254 2096 493 2140 haereticis
517 2106 560 2140 et
583 2098 883 2140 schismaticis
912 2100 1186 2151 reuerenda,
1214 2100 1596 2156 inexpugnabilis,
1631 2110 1675 2144 et

46 2178 90 2213 ut
110 2181 358 2215 castrorum
382 2175 504 2217 acies
525 2175 731 2217 ordinata
755 2176 980 2228 terribilis3
1007 2185 1051 2218 at
1076 2192 1214 2228 nunc,
1242 2186 1482 2232 postquam
1503 2180 1674 2220 Romae

43 2247 270 2303 impetrata
300 2250 382 2293 fuit
412 2252 692 2306 praelaturae
721 2253 1025 2306 confirmatio,
1059 2254 1134 2296 uix
1167 2254 1427 2298 meminisse
1462 2255 1674 2297 uidentur

43 2325 156 2367 sedis
179 2328 468 2382 apostolicae,
496 2329 624 2383 quasi
654 2330 948 2384 pecuniarum
982 2333 1206 2385 quandam
1238 2332 1542 2385 exactionem,
1567 2347 1672 2374 con-

44 2400 334 2448 firmationem
358 2414 642 2461 reputantes;
669 2407 746 2461 qui
774 2421 877 2449 cum
911 2408 1017 2456 sede
1047 2409 1295 2463 apostolica
1330 2424 1574 2464 numquam
1609 2410 1669 2451 ui-

44 2477 201 2522 dentur
223 2483 583 2526 communionem
609 2485 798 2535 habere,
826 2484 908 2526 nisi
933 2486 1115 2540 quando
1137 2487 1492 2529 confirmationis
1518 2487 1672 2529 literae

45 2558 342 2601 extrahendae
364 2568 485 2604 sunt.
513 2561 793 2604 Conueniret
816 2561 955 2617 igitur
977 2562 1232 2606 uisitatione
1251 2565 1500 2617 crebraque
1525 2564 1670 2606 litera-

45 2645 137 2674 rum
167 2635 375 2679 missione
405 2652 675 2682 conseruare
709 2639 967 2682 memoriam
1000 2640 1329 2695 obligationum
1362 2655 1472 2695 quas
1502 2643 1670 2684 habent

46 2711 222 2763 praelati
246 2714 530 2767 germanicae
562 2715 772 2770 nationis,
805 2717 1033 2771 deputatis
1060 2719 1115 2760 ad
1140 2719 1226 2759 hoc
1256 2732 1369 2772 opus
1401 2718 1482 2772 piis
1506 2718 1667 2760 doctis-

45 2799 130 2840 que
150 2788 273 2844 uiris,
300 2790 464 2844 quibus
487 2793 607 2834 Vrbs
630 2801 801 2848 sancta,
824 2794 922 2835 laus
946 2794 1145 2847 Christo,
1174 2809 1261 2836 non
1281 2795 1556 2838 destituitur.

128 2876 169 2916 4.
237 2866 484 2910 Plurimum
504 2869 734 2924 negotium
754 2870 1025 2912 christianae
1044 2871 1221 2925 pietatis
1239 2871 1283 2912 in
1308 2867 1551 2914 Germania
1571 2887 1669 2927 pro·

48 2949 241 2983 moueret
263 2943 299 2984 si
322 2958 402 2987 sua
425 2946 638 2988 sanctitas
662 2946 839 2988 nunciis
862 2947 1092 3001 literisque
1124 2948 1270 2989 missis
1293 2956 1449 3003 ageret
1473 2962 1576 2991 cum
1602 2964 1669 2991 ar-
