1891 3292
245 221 312 264 314
728 218 915 251 PoLANci
934 223 1251 249 COMPLEMENTA

192 320 414 363 mandomi
438 319 572 359 molte
595 331 714 367 cose,
740 324 784 358 et
808 315 1115 357 vltimamente
1139 313 1197 354 mi
1220 315 1388 355 mostro
1411 314 1496 356 che
1517 312 1562 353 in
1588 314 1728 355 Roma
1745 328 1814 355 vo-

191 396 365 438 lontieri
395 393 553 435 vedera
588 394 640 435 V.
677 394 748 445 R,
782 392 809 431 il
841 392 923 432 che
952 390 1059 432 dissi
1083 390 1125 431 io
1154 389 1343 431 sarebbe
1371 389 1413 430 al
1441 403 1523 430 suo
1551 396 1717 443 tempo,
1748 404 1816 433 ma

191 472 405 527 potrebbe
428 485 550 512 esser
577 476 726 523 presto
750 469 874 509 detto
899 474 1064 521 tempo.

279 561 316 600 3.
387 547 459 587 Ho
484 546 597 586 visto
622 545 812 598 qualche
834 557 939 584 cosa
961 543 1032 585 del
1056 542 1168 583 libro
1191 543 1261 583 del
1288 543 1338 583 P.
1365 542 1614 592 Salmerc'm,
1648 542 1733 583 che
1756 543 1815 584 mi

192 624 373 675 mostro,
405 631 448 665 et
473 622 588 662 visto
617 622 657 662 la
687 619 948 661 oeconomia
971 619 1026 660 de
1057 625 1174 659 tutta
1197 632 1278 660 sua
1306 632 1457 672 opera,
1489 626 1533 660 et
1559 631 1691 672 spero
1720 619 1815 660 sara

189 714 291 741 cosa
316 699 451 740 molto
469 699 595 739 dotta
613 705 657 738 et
682 696 802 738 vtile.
828 696 941 737 L'ho
964 695 1205 736 sollicitato
1223 695 1262 735 al
1286 693 1518 749 espedirsi,
1540 693 1706 747 perche
1730 708 1816 737 non

190 778 231 816 ta
253 777 365 817 altro
388 777 471 816 che
494 773 635 823 1111131,
662 780 706 815 et
730 779 872 813 mutat
896 772 1113 826 quadrata
1137 770 1357 812 rotundis.
1387 771 1440 811 Et
1464 785 1512 812 se
1535 770 1562 810 li
1586 770 1756 812 vscisse
1774 768 1816 812 di

191 865 321 892 mano
350 858 508 904 questa
536 864 657 901 cosa,
692 849 908 903 potrebbe
938 849 1170 889 attendere
1199 846 1461 901 all’epistole
1489 846 1545 887 de
1577 847 1623 889 S.
1660 847 1814 903 Paulo,

189 942 315 970 come
339 942 443 982 pare
467 926 680 967 n'habbia
704 924 972 975 intentione,
999 932 1043 965 et
1061 923 1333 965 cominciato
1356 938 1380 964 a
1407 919 1616 977 preparat
1633 923 1674 965 le
1699 937 1814 968 cose.

177 1005 335 1046 Credo
354 1006 437 1046 che
455 1003 491 1044 si
514 1004 567 1046 V.
601 1005 649 1044 P.
672 1001 941 1044 l’essortassi
965 1016 989 1042 3
1013 1000 1115 1042 finir‘
1136 1008 1295 1054 questo
1319 1006 1447 1054 parto
1467 1001 1616 1054 (sanza
1636 999 1818 1042 restrin-

190 1081 315 1135 gerlo
339 1081 489 1129 molto)
514 1078 834 1133 l'espedirebbe
859 1078 931 1132 piu
956 1085 1122 1131 presto.
1152 1077 1267 1119 L'ho
1292 1059 1638 1126 ricordato'ehe‚
1665 1089 1816 1117 secon-

191 1158 247 1198 do
277 1157 316 1198 le
344 1155 669 1205 constitutioni,
703 1155 885 1196 deuono
908 1154 1044 1196 veder
1075 1161 1234 1206 questa
1259 1167 1339 1194 sua
1368 1166 1503 1206 opera
1535 1159 1600 1193 tre
1632 1166 1816 1206 persone

190 1232 470 1287 intelligenti,
495 1240 538 1273 et
563 1231 779 1274 l'intende
802 1232 951 1273 anche
975 1230 1036 1271 lui
1060 1229 1172 1272 cosi.
1200 1231 1319 1271 Vero
1343 1229 1364 1270 ὲ
1388 1231 1470 1270 6116
1495 1228 1552 1269 1111
1579 1243 1682 1282 pare
1700 1228 1728 1268 li
1748 1243 1816 1270 sa—

192 1310 327 1352 rebbe
349 1322 490 1350 suaue
512 1308 686 1358 ordine,
713 1322 761 1349 se
785 1308 824 1348 le
848 1321 1037 1361 persone
1061 1306 1229 1348 fossino
1253 1321 1277 1347 3
1299 1320 1380 1347 sua
1411 1305 1747 1356 sodisfactione,
1775 1312 1817 1347 et

190 1387 271 1427 che
289 1385 324 1427 si
346 1384 698 1433 contentas-sino,
724 1384 769 1424 in
793 1397 898 1426 cose
915 1385 998 1425 che
1022 1397 1109 1424 non
1130 1396 1415 1424 concerneno
1432 1382 1473 1422 13
1494 1382 1594 1424 fede
1613 1389 1656 1423 et
1680 1382 1818 1423 bonos

190 1475 348 1519 mores,
380 1469 423 1503 et
451 1475 561 1501 sono
593 1461 658 1502 fra
685 1460 724 1502 le
754 1459 956 1514 opinioni
986 1458 1205 1514 probabili
1235 1459 1301 1501 de'
1326 1457 1493 1500 dottori
1515 1456 1739 1508 catholici,
1765 1458 1818 1500 de

191 1545 470 1591 representas
494 1537 563 1579 610
592 1539 676 1579 6116
699 1544 889 1579 senteno
911 1550 998 1577 con
1022 1535 1052 1576 li
1081 1535 1179 1577 suoi
1209 1534 1382 1587 motiui,
1406 1541 1450 1584 et
1480 1533 1682 1575 lasciarlo
1707 1534 1773 1574 far
1795 1547 1818 1575 a

189 1628 288 1656 esso
311 1613 456 1667 depoi3
485 1622 680 1655 monstra
709 1614 853 1654 anche
878 1612 1063 1654 haueria
1093 1620 1295 1666 respecto
1319 1611 1403 1652 alle
1431 1624 1622 1652 censure
1653 1623 1817 1651 conue-

190 1691 354 1732 niente.
387 1691 525 1731 Tutto
554 1696 715 1742 questo
743 1703 875 1730 serua
908 1688 1082 1730 d'auiso
1115 1696 1158 1730 et
1193 1688 1314 1730 nuda
1343 1685 1743 1742 representatione,
1776 1692 1817 1728 et

190 1774 356 1820 quanto
380 1768 535 1819 parera
560 1765 631 1819 poi
657 1765 824 1820 meglio
848 1780 872 1806 a
898 1766 953 1808 V.
985 1766 1056 1818 P„
1084 1764 1240 1821 parera
1264 1765 1408 1805 anche
1432 1778 1457 1804 a
1480 1777 1567 1806 me.

275 1854 317 1893 4.
386 1843 558 1895 Questa
584 1842 764 1892 matina,
798 1842 1008 1903 andando
1039 1856 1063 1882 a
1094 1840 1316 1883 sollecitar
1346 1848 1501 1880 nostro
1526 1837 1749 1893 passagio,
1774 1843 1842 1880 et·
1872 1831 1874 1835 ¹

190 1917 396 1959 intrando
418 1919 461 1958 in
486 1918 760 1960 Castelnouo
779 1932 856 1972 per
880 1918 1033 1959 visitas
1056 1917 1084 1958 il
1109 1917 1265 1971 signor
1289 1916 1380 1957 don
1406 1916 1592 1965 Aluaro,
1619 1914 1814 1957 castella·

192 2008 247 2034 no
271 1994 436 2045 (ch'era
460 2002 626 2036 venuto
649 2010 673 2036 a
695 2009 798 2036 casa
822 2003 975 2036 nostra
998 2009 1074 2050 per
1095 2008 1178 2034 sua
1197 1993 1520 2044 amoreuoleza‚
1540 1991 1726 2034 insieme
1749 1989 1814 2032 col
1874 2027 1879 2034 ..

191 2070 344 2124 signos
362 2072 449 2112 don
468 2071 615 2125 Diego
634 2085 715 2112 suo
734 2071 941 2126 fratello),
959 2071 985 2111 li
1005 2079 1131 2112 staua
1153 2069 1389 2112 referendo
1406 2083 1464 2109 vn
1485 2067 1811 2123 gentilhuomo,

190 2148 272 2187 che
296 2161 459 2200 pareua
484 2147 689 2202 prattico‚
716 2148 744 2188 li
768 2148 883 2189 auisi
908 2149 993 2189 che
1015 2147 1050 2188 si
1075 2154 1300 2189 teneuano
1323 2146 1393 2187 del
1425 2145 1625 2186 discorso
1648 2144 1703 2185 de
1727 2144 1812 2185 Vs·

189 2222 287 2263 ciali
311 2222 325 2241 ⁴
350 2237 478 2277 sopra
503 2224 542 2264 la
566 2232 729 2266 venuta
754 2224 1027 2265 dell'armata
1051 2238 1074 2264 a
1100 2231 1257 2276 queste
1281 2222 1445 2276 bande,
1472 2224 1583 2263 fatto
1607 2221 1647 2262 al
1672 2228 1812 2263 turco.

192 2299 246 2339 Et
271 2301 309 2340 la
332 2313 458 2340 suma
482 2314 571 2350 era,
598 2301 681 2341 che
713 2300 904 2347 sarebbe
934 2313 1038 2341 cosa
1069 2312 1198 2353 persa
1228 2297 1353 2340 venir
1383 2312 1407 2338 a
1437 2297 1573 2339 Malta
1604 2310 1630 2337 0
1659 2295 1814 2339 Sarde-

191 2390 297 2429 gna,
323 2383 367 2416 et
391 2389 479 2416 11011
504 2376 730 2419 riuscibile
754 2376 880 2418 venir
903 2376 947 2416 in
975 2374 1135 2430 Puglia
1161 2389 1187 2416 o
1210 2375 1324 2416 altra
1348 2380 1476 2428 parte
1505 2372 1692 2423 d'Italia3
1721 2385 1815 2426 per·
1874 2359 1876 2380 1

191 2452 273 2493 che
295 2453 486 2493 essendo
511 2461 626 2494 terra
651 2454 804 2504 ferma,
830 2452 1252 2494 concorrerebbono
1278 2450 1405 2500 tanti,
1428 2451 1514 2492 che
1537 2463 1627 2490 non
1653 2462 1816 2503 perme-
1875 2461 1877 2467 ’

192 2528 436 2570 terebbono
470 2530 534 2569 far
568 2529 711 2582 piede,
743 2529 778 2570 si
809 2529 895 2571 ben
927 2528 1154 2583 potessino
1185 2527 1344 2582 pigliar
1374 2527 1563 2580 qualche
1597 2533 1728 2567 terra.
1763 2524 1814 2564 Et

191 2603 284 2645 cosi
310 2603 549 2658 risolueua‚
576 2606 659 2646 che
683 2605 994 2646 conuerrebbe
1017 2605 1094 2646 dar
1118 2603 1163 2644 in
1195 2603 1391 2644 Messina
1421 2616 1498 2656 per
1527 2602 1568 2643 la
1598 2598 1815 2642 comodita
1874 2623 1877 2633 ι

191 2679 259 2719 del
284 2687 428 2733 porto,
454 2688 497 2721 et
526 2694 630 2734 pare
659 2680 687 2720 li
716 2679 980 2734 prometessi
1013 2680 1068 2721 de
1098 2678 1257 2733 pigliar
1286 2679 1327 2720 la
1355 2678 1480 2732 cina,
1513 2685 1601 2722 etc.
1634 2678 1812 2731 Quanto
1874 2721 1875 2725 Ἰ

193 2755 262 2795 3111
289 2756 535 2807 veneciam,
557 2758 643 2809 che
661 2771 750 2798 non
770 2757 995 2798 accadeua
1017 2770 1137 2797 esser
1156 2754 1362 2805 sollicito,
1387 2754 1549 2809 perche
1570 2768 1661 2795 non
1685 2751 1726 2794 ci
1741 2764 1813 2793 era
1874 2761 1891 2780 τ·

260 2880 273 2896 ⁴
323 2878 496 2913 Celebris
518 2879 595 2913 dux
614 2880 747 2914 classis
769 2879 950 2921 tureicae,
971 2877 1081 2924 cujus
1101 2889 1241 2912 nomen
1260 2878 1310 2912 ab
1337 2877 1422 2912 aliis
1446 2877 1520 2912 alio
1549 2876 1659 2910 modo
1683 2872 1816 2910 scribi·
1874 2870 1891 2909 3⁴.

193 2942 264 2970 tur:
286 2936 470 2981 Occhiali‚
502 2939 626 2973 Aluch
658 2939 734 2982 Ali,
756 2938 882 2974 Uluch
903 2938 980 2980 Ali;
999 2948 1216 2982 cognomen
1236 2937 1352 2972 etiam
1373 2936 1447 2971 sibi
1472 2936 1622 2982 peperit
1642 2938 1726 2980 post
1749 2943 1814 2978 pu·
1874 2937 1891 2986 11

181 2998 306 3038 'gnam
326 2996 371 3029 ad
392 2996 645 3042 Naupactum,
671 2996 845 3032 Kilidsch
866 2996 942 3031 Ali.
