1891 3292
510 258 649 293 EpisT.
679 256 854 301 188.—24
883 259 1083 301 JANUARII
1114 259 1202 302 1573
1553 258 1616 292 231

37 368 214 415 cerunt,
242 359 349 401 nihil
373 358 642 402 aduersariis
666 358 830 400 nostris
852 359 1216 411 condonandum,
1245 374 1327 402 nec
1357 360 1663 402 desistendum

37 440 178 482 donec
203 436 352 479 omnia
376 436 473 477 loca
492 442 674 478 uetusto
692 435 917 490 splendori
942 435 1252 479 restituantur.
1276 436 1543 492 Recuperati
1562 444 1666 478 sunt

37 516 174 572 igitur
203 516 286 555 hac
317 515 478 567 hyeme
508 512 728 567 (expulsis
751 511 1003 553 lutheranis
1033 511 1163 553 ouilis
1186 513 1398 555 dominici
1422 513 1664 568 depopula-

40 591 210 634 toribus
235 588 587 644 predicantibus)
612 596 702 631 tres
732 587 1063 643 populosissimi
1095 588 1391 643 ditissimique
1421 590 1542 645 pagi,
1570 589 1665 644 qui-

39 669 120 710 bus
151 666 359 709 catholici
385 666 645 709 sacerdotes
678 664 894 720 praefecti
921 672 1043 716 sunt3
1075 679 1229 707 eorum
1266 667 1430 720 templa
1459 666 1668 708 sordibus

39 744 182 787 obsita
205 753 248 786 et
272 743 393 784 omni
416 750 577 784 ornatu
601 741 807 796 spoliata,
835 749 884 782 ut
908 742 1120 784 tabernae
1145 741 1341 783 vinariae
1365 742 1575 784 similiora
1600 758 1664 785 es-

38 829 134 864 sent
158 834 289 875 quam
315 820 448 861 domo
475 819 574 869 Dei,
601 833 623 859 a
648 833 825 860 summo
845 832 989 871 usque
1007 819 1215 860 deorsum
1238 819 1459 869 mundari,
1481 834 1664 861 exorna-

38 898 88 953 ri,
114 896 429 950 coloribusque
463 896 703 937 illuminari
740 897 873 937 Pater
905 894 1098 946 curauit3
1132 896 1352 937 fenestras
1383 896 1667 938 lutheranico

38 976 186 1017 furore
210 975 414 1015 reuulsas
446 987 497 1014 ac
531 973 785 1014 confractas
818 971 957 1023 refici3
995 979 1039 1014 et
1069 986 1171 1013 cum
1205 972 1345 1013 multa
1368 972 1579 1014 deessent
1613 974 1667 1014 ad

38 1052 204 1093 cultum
228 1050 433 1091 diuinum
457 1049 727 1099 necessaria,
757 1049 826 1092 uel
862 1050 982 1090 furto
1015 1049 1176 1100 ablata,
1204 1049 1274 1090 uel
1299 1048 1472 1090 incuria
1496 1049 1667 1103 praefe-

38 1136 209 1170 ctorum
234 1127 480 1177 destructa,
507 1142 529 1169 a
555 1140 673 1168 nouo
697 1125 846 1167 omnia
871 1141 949 1180 pro
974 1125 1057 1166 loci
1080 1139 1131 1167 ac
1156 1125 1367 1180 temporis
1392 1125 1564 1168 ratione
1592 1126 1667 1167 fie-

40 1205 74 1246 ri
95 1204 284 1247 curauit.
313 1205 367 1245 Et
386 1204 490 1258 quia
512 1217 603 1246 non
632 1210 771 1246 erant·
791 1203 847 1245 ad
881 1218 1041 1245 manus
1070 1202 1236 1257 quibus
1260 1209 1356 1243 tute
1379 1217 1534 1244 eorum
1560 1217 1666 1245 cura

38 1281 255 1324 committi
280 1281 434 1336 possit,
456 1281 760 1324 necessarium
786 1280 869 1321 fuit
891 1282 1068 1322 Patrem
1088 1279 1341 1335 Georgium
1361 1279 1507 1334 ipsum
1527 1279 1665 1331 exire,

41 1359 246 1414 pulueres
283 1358 586 1400 crassissimos
623 1358 848 1412 excipere,
892 1357 1170 1409 concionari,
1213 1364 1495 1398 sacramenta
1531 1357 1664 1398 admiv

39 1435 225 1478 nistrare
247 1435 326 1487 eis;
354 1435 518 1490 quibus
541 1450 595 1478 ex
619 1434 863 1488 laboribus,
891 1448 993 1476 cum
1017 1446 1167 1477 essent
1187 1433 1455 1488 grauissima
1481 1433 1667 1488 frigora,

40 1528 128 1555 non
147 1514 246 1555 leue
264 1513 472 1554 morbum
492 1513 772 1555 contraxisse
789 1513 981 1566 videtur,
1004 1520 1051 1552 ut
1072 1518 1226 1566 postea
1244 1510 1407 1562 dicam;
1430 1518 1479 1551 ut
1499 1518 1669 1552 taceam

40 1605 170 1645 quam
202 1590 449 1645 periculose
477 1592 631 1643 semel,
664 1604 766 1631 cum
798 1589 902 1644 equi
933 1588 1085 1632 nescio
1109 1588 1274 1642 quibus
1304 1602 1515 1642 sagarum
1542 1602 1670 1642 prae-

41 1668 183 1723 stigiis
206 1681 257 1710 ac
280 1667 387 1709 visis
412 1674 704 1719 terrerentur,
732 1682 867 1709 curru
890 1667 1074 1709 inuerso
1099 1665 1326 1717 ceciderit,
1355 1680 1512 1720 parum
1538 1664 1670 1706 affuit

41 1745 145 1800 quin
170 1759 327 1787 omnes
361 1745 438 1799 qui
468 1745 511 1786 in
542 1759 677 1787 curru
701 1745 926 1797 sederant,
953 1744 1109 1786 eodem
1136 1743 1179 1783 in
1206 1743 1304 1784 loco
1328 1742 1671 1797 perimerentur.

42 1822 344 1865 Tribuebatur
374 1824 461 1865 hoc
491 1831 764 1879 stratagema
794 1822 1013 1878 strigibus
1042 1836 1230 1876 quarum
1265 1821 1321 1862 ad
1351 1832 1405 1873 27
1435 1828 1541 1863 sunt
1565 1820 1675 1862 inci-

41 1907 237 1951 neratae,
263 1908 307 1943 et
331 1901 463 1942 modo
493 1915 649 1944 omnes
679 1914 883 1943 carceres
921 1899 1112 1942 refertae
1143 1905 1265 1950 sunt3
1299 1913 1374 1941 eas
1397 1898 1510 1940 solet
1538 1899 1671 1940 Pater

41 1978 95 2019 ad
117 1985 397 2021 sacramenta
421 1992 705 2033 praeparare;
731 1985 776 2019 et
808 1986 855 2019 ut
885 1984 1073 2018 mortem
1108 1976 1393 2030 promeritam
1426 1974 1675 2030 intrepidae

41 2055 266 2110 excipiant
287 2054 503 2106 animare,
537 2069 589 2097 ac
612 2069 757 2109 usque
790 2055 846 2097 ad
882 2068 1042 2109 rogum
1067 2054 1291 2095 deducere
1315 2066 1366 2094 ac
1396 2054 1671 2103 confortare3

42 2146 154 2186 quae
178 2133 366 2174 fortasse
388 2146 542 2174 earum
566 2132 716 2174 sociae
745 2139 789 2173 et
819 2139 1070 2186 consortes,
1099 2145 1203 2172 cum
1225 2130 1315 2172 sint
1340 2129 1410 2184 pia
1440 2144 1591 2184 opera,
1619 2129 1675 2170 ad

41 2208 252 2251 inuidiam
277 2216 426 2252 tamen
452 2209 693 2264 rapientes,
720 2224 768 2251 se
791 2224 815 2250 a
842 2210 976 2251 Patre
1001 2207 1229 2253 vindicare
1261 2206 1517 2261 cupierunt:
1553 2208 1678 2248 Deus

43 2294 190 2329 autem
213 2286 484 2337 incolumem
510 2286 815 2329 conseruauit.

130 2376 168 2417 3.
231 2364 346 2405 Cum
376 2365 487 2405 haec
517 2363 577 2404 ita
609 2363 783 2414 fierent,
823 2363 974 2418 pestis,
1013 2362 1242 2404 moderate
1277 2370 1443 2412 tamen,
1480 2360 1679 2415 grassari

45 2441 192 2483 Badae
223 2441 355 2496 cepit,
385 2448 429 2483 et
459 2440 633 2494 aliquos
662 2440 796 2483 etiam
827 2455 882 2483 ex
915 2438 1212 2482 nobilioribus
1250 2453 1274 2481 e
1313 2438 1461 2480 medio
1501 2438 1674 2489 tollere,

45 2531 157 2571 quae
178 2532 314 2560 causa
338 2518 422 2560 fuit
450 2525 500 2560 ut
528 2531 780 2572 generosus
809 2531 979 2568 comes,
1006 2531 1092 2558 vna
1119 2530 1222 2557 cum
1252 2515 1464 2558 Vniuersa
1494 2515 1596 2556 aula
1627 2527 1677 2555 ac

45 2594 138 2636 aliis
175 2610 264 2637 non
303 2594 474 2650 paucis,
522 2594 682 2649 partim
723 2595 967 2649 Etlingam,
1010 2588 1169 2648 par‘tim
1207 2593 1251 2634 in
1293 2592 1484 2634 vicinam
1525 2604 1676 2633 arcem

44 2671 399 2724 Scheubenhart‚
423 2687 472 2714 se
495 2672 774 2723 transferret,
800 2671 994 2726 sumptis
1024 2684 1177 2713 secum
1207 2669 1300 2711 suis
1329 2668 1537 2711 omnibus
1562 2681 1672 2709 con-

46 2747 231 2792 siliariis.
265 2751 432 2792 Verum
464 2751 575 2792 haec
606 2749 742 2804 pestis
772 2764 860 2791 non
887 2756 975 2791 tam
1007 2747 1207 2790 obfuisse
1236 2761 1369 2801 quam
1405 2745 1676 2788 conduxisse

47 2824 237 2877 uidetur,
265 2834 453 2870 mortem
484 2826 604 2868 enim
633 2825 900 2881 corporibus
930 2824 1101 2880 paucis,
1136 2823 1274 2866 uitam
1302 2837 1409 2865 uero
1439 2822 1676 2864 animabus

44 2900 289 2946 innumeris
311 2903 477 2946 attulit.
505 2904 620 2946 Nam
651 2904 765 2945 haec
792 2902 874 2944 fuit
903 2901 1081 2944 occasio
1110 2900 1372 2955 etlinganae
1401 2898 1601 2941 ciuitatis
1623 2898 1679 2940 ad

47 2979 312 3022 catholicam
335 2979 469 3022 fidem
500 2979 803 3031 reducendae3
836 2978 986 3020 statim
1018 2977 1137 3020 enim
1163 2989 1413 3031 generosus
1437 2989 1588 3018 comes
1611 2989 1680 3018 re-

49 3055 213 3098 moueri
243 3056 372 3099 iussit
400 3056 666 3099 lutheranos
688 3055 1017 3111 praedicantes,
1044 3052 1301 3096 substitutis
1323 3051 1555 3095 catholicis
1579 3050 1678 3093 aliis
