1891 3292
231 223 296 256 352
728 218 918 251 POLANQI
946 225 1262 251 coMPLEMENTA

269 335 307 363 2.
375 322 498 363 Sono
529 321 690 360 alcune
724 331 913 372 persone
946 318 1029 359 che
1063 331 1149 358 non
1185 317 1220 357 si
1247 324 1436 370 portano
1460 330 1587 358 come
1610 331 1798 360 conuer-

180 399 329 439 rehhe.
368 398 418 437 Et
458 402 753 449 quantunque
792 394 827 434 si
864 408 918 434 ua
952 393 1236 447 procurando
1269 392 1523 443 d'aiutarle,
1558 402 1647 434 uno
1676 408 1702 434 o
1730 395 1800 436 doi

182 475 315 514 fanno
340 473 543 513 instanza
567 472 738 512 d'esser
762 469 993 512 licentiati.
1022 470 1076 510 Et
1100 483 1176 522 per
1200 469 1227 509 il
1251 469 1400 510 danno
1423 470 1506 510 che
1531 483 1725 523 possono
1748 471 1800 511 ri-

179 550 329 591 ceuer'
364 549 461 589 altri
495 548 611 590 della
640 545 955 588 conuersation
986 545 1088 588 delli
1120 545 1210 595 tali,
1245 560 1347 599 pare
1376 546 1686 588 conuerrebbe
1716 547 1797 588 ha-

181 640 257 666 uer
280 624 562 665 commis-sion
588 623 631 664 di
657 624 711 664 V.
745 625 791 663 P.
821 636 896 676 per
921 629 1045 675 poter
1064 621 1299 664 licentiarli
1318 622 1496 674 quando
1519 621 1555 662 si
1580 621 1800 675 giudicas-

179 717 225 743 se
252 701 518 750 necessario,
549 701 654 741 fatte
678 701 717 741 le
741 699 974 753 diligentie
1002 700 1086 739 che
1115 698 1151 739 si
1183 706 1402 752 potranno
1433 711 1509 751 per
1539 699 1633 738 loro
1663 697 1800 742 aiuto.

182 780 235 819 Et
260 793 348 818 non
372 777 514 818 dubiti
541 778 596 819 V.
628 778 676 817 P.
704 775 747 816 di
771 777 854 818 che
877 774 912 816 si
939 775 1004 816 usi
1030 774 1194 817 facilita
1218 774 1261 815 in
1287 782 1444 827 questa
1475 782 1616 828 parte,
1644 775 1802 828 perche

182 855 234 896 ne
265 856 292 895 il
324 853 596 908 prouinciale
627 853 647 894 ὲ
678 852 893 893 inclinato
923 866 946 892 a
977 851 1063 904 cio,
1098 851 1151 892 ne
1185 864 1342 892 manco
1372 851 1429 901 io;
1456 850 1553 891 anzi
1578 851 1637 891 mi
1661 852 1804 893 sforzo

180 938 347 985 quanto
373 944 504 983 posso
534 944 611 983 per
650 928 828 970 stabilir’
854 936 898 970 et
927 927 1070 968 aiutar
1099 934 1255 981 queste
1287 941 1490 981 persone.
1526 928 1625 968 Non
1656 928 1696 969 le
1725 942 1800 968 no-

182 1007 315 1059 mino,
341 1006 502 1061 perche
529 1020 616 1046 non
642 1019 752 1046 sono
775 1004 818 1045 di
842 1004 881 1045 la
911 1003 1178 1056 conosciuti,
1206 1003 1378 1045 benche
1411 1003 1600 1056 qualche
1626 1018 1713 1045 una
1742 1004 1804 1045 sia

180 1092 295 1126 stata
317 1091 431 1125 sette
454 1098 479 1123 o
504 1083 527 1123 8
553 1081 656 1123 anni
682 1082 799 1123 nella
823 1081 1120 1134 Compagnia.
1155 1079 1204 1122 Si
1241 1081 1327 1121 che
1349 1080 1394 1119 in
1424 1093 1528 1120 cose
1556 1079 1700 1122 simile
1731 1081 1804 1121 ha-

183 1160 302 1202 uerei
325 1174 428 1200 caro
451 1159 657 1200 intendes
680 1159 720 1198 la
748 1157 926 1198 uolonta
949 1156 991 1196 di
1018 1157 1072 1198 V.
1105 1158 1153 1197 P.
1176 1155 1294 1197 circa
1318 1156 1358 1197 la
1378 1156 1540 1197 facolta
1564 1157 1646 1197 che
1670 1155 1709 1196 ci
1731 1155 1801 1199 dcl.

182 1237 235 1277 Et
268 1236 447 1289 quando
483 1236 603 1276 fusse
636 1242 848 1275 contenta
882 1233 926 1273 di
949 1235 1084 1274 esser’
1118 1232 1291 1274 auisato
1320 1233 1364 1273 di
1397 1246 1501 1273 cose
1537 1232 1804 1286 pafflcolari,

180 1312 488 1354 conuerrebbe
511 1311 549 1352 ci
574 1312 744 1352 facesse
770 1310 952 1351 mandar
973 1324 1060 1351 una
1078 1308 1204 1359 cifra,
1227 1311 1359 1363 quale
1379 1309 1534 1362 patera
1558 1308 1804 1362 spediente,

183 1398 226 1430 et
249 1389 283 1429 si
308 1389 413 1429 dara
437 1387 561 1428 auiso
586 1387 618 1429 ³.

271 1480 310 1519 3.
379 1466 468 1518 Qui
500 1479 610 1505 sono
640 1464 788 1505 alcuni
814 1463 971 1505 fratelli
1004 1463 1252 1504 coadiutori
1286 1463 1423 1503 molto
1457 1461 1636 1511 uecchi,
1663 1470 1706 1504 et
1729 1476 1808 1515 pur

183 1558 268 1584 non
293 1556 403 1583 sono
424 1541 620 1582 formati.
650 1540 817 1582 Dubita
842 1541 870 1580 il
892 1541 1038 1582 Padre
1063 1539 1336 1593 prouinciale
1359 1554 1407 1581 se
1439 1539 1557 1581 tiene
1589 1537 1807 1580 auctorita

180 1619 223 1659 di
247 1619 474 1660 accettarli
500 1625 565 1658 tra
590 1617 616 1657 li
641 1617 890 1658 coadiutori
917 1616 1109 1667 formati;
1137 1616 1301 1670 perche
1325 1615 1352 1655 li
1378 1630 1485 1669 pare
1508 1617 1591 1656 che
1617 1629 1675 1655 un
1702 1622 1807 1656 tem-

186 1710 238 1749 po
262 1695 290 1735 li
314 1697 435 1737 fusse
459 1707 690 1735 concessa.
719 1695 763 1734 lo
788 1693 936 1735 insino
960 1694 1047 1735 che
1072 1692 1223 1733 riceua
1246 1692 1375 1733 auiso
1399 1691 1443 1732 di
1468 1691 1522 1732 V.
1552 1692 1623 1741 P„
1651 1705 1739 1732 non
1762 1704 1809 1732 so

183 1773 284 1825 quel
309 1773 395 1813 che
421 1785 570 1825 posso,
599 1771 640 1811 in
667 1772 765 1811 fuor
796 1769 838 1810 di
869 1770 1020 1823 quello
1049 1770 1132 1810 che
1156 1777 1225 1809 sta
1255 1782 1461 1822 espresso
1485 1768 1735 1809 nell'officio
1767 1768 1809 1809 di

183 1848 428 1898 visitatore3
455 1855 499 1889 et
525 1862 606 1901 pur
631 1847 688 1888 mi
721 1861 796 1900 par
826 1846 1143 1888 conuerrebbe
1166 1852 1423 1887 accettarne
1451 1845 1617 1898 alcuni,
1648 1838 1808 1898 perche

182 1926 330 1964 hanno
355 1924 590 1966 occasione
608 1923 651 1964 di
674 1923 971 1972 disanimarsi,
993 1922 1186 1964 essendo
1204 1920 1325 1970 stati,
1346 1920 1419 1962 chi
1443 1934 1518 1973 xv,
1538 1920 1609 1961 chi
1628 1934 1688 1962 XX
1706 1920 1810 1961 anni

183 2001 299 2042 nella
323 2000 622 2054 Compagnia‚
649 2007 692 2041 et
722 2014 811 2040 non
841 2000 1033 2043 essendo
1062 2012 1226 2040 ancora
1255 1997 1439 2040 stabiliti
1462 1997 1505 2037 in
1537 2011 1651 2047 essa,
1679 2005 1722 2039 et
1752 1997 1809 2038 al-

183 2077 285 2117 cuni
313 2077 520 2118 temendo
543 2077 725 2119 d'esser'
754 2091 812 2116 un
836 2075 879 2117 di
905 2074 1137 2125 licentiati,
1157 2088 1284 2116 come
1303 2082 1463 2128 questa
1482 2082 1621 2128 gente
1642 2088 1718 2127 per
1736 2087 1811 2114 na-

185 2162 282 2193 tura
305 2154 329 2194 ε
353 2153 563 2194 inclinata
586 2153 642 2193 ad
666 2166 788 2194 esser
811 2151 1060 2206 suspiciosa
1084 2160 1128 2192 et
1152 2150 1305 2191 timida
1330 2149 1363 2194 ⁴.

274 2230 401 2270 Delle
424 2243 527 2270 cose
551 2229 666 2270 della
690 2228 819 2269 visita
843 2243 930 2269 non
961 2227 1109 2268 scriuo
1140 2227 1182 2267 in
1216 2226 1501 2281 particolare.
1528 2227 1586 2270 Se
1610 2225 1764 2280 parera
1789 2240 1812 2266 a
1874 2214 1876 2240 ³

186 2305 237 2345 V.
269 2306 317 2346 P.
344 2306 430 2346 che
453 2304 494 2344 io
518 2306 559 2345 lo
585 2304 741 2355 faccia,
772 2304 982 2345 mandata
1011 2305 1050 2344 la
1074 2303 1200 2357 cisra,
1235 2303 1271 2344 si
1298 2303 1405 2345 fara.
1434 2303 1489 2344 Et
1519 2310 1812 2357 quantunque

183 2381 218 2421 si
244 2390 410 2422 notans)
433 2383 471 2423 le
495 2395 599 2422 cose
624 2395 701 2434 per
727 2387 853 2434 poter
877 2379 1165 2434 ragguagliar
1191 2379 1244 2420 V.
1275 2381 1345 2432 R,
1373 2387 1416 2421 et
1440 2380 1584 2421 anche
1608 2393 1695 2432 qua
1714 2392 1810 2433 pro-

254 2536 267 2554 3
319 2534 361 2567 In
383 2534 557 2579 epistolis
578 2533 662 2567 aliis
679 2533 746 2567 fiet
767 2544 852 2567 mox
873 2544 1000 2566 sermo
1019 2532 1067 2566 de
1087 2533 1280 2578 aliquibus
1308 2532 1548 2566 nominatim.
1570 2532 1810 2576 Responsum

185 2600 311 2627 autem
332 2593 433 2639 quod
453 2594 548 2627 lianc
564 2604 644 2626 rem
664 2598 813 2637 spectat
833 2592 888 2625 sic
908 2603 949 2625 se
969 2592 1116 2625 habuit:
1138 2593 1319 2636 «Quanto
1339 2592 1413 2626 alla
1432 2589 1573 2625 facult&
1592 2590 1629 2624 di
1645 2589 1813 2624 licentia-

185 2664 224 2686 re
243 2653 369 2686 alcuni
388 2654 458 2686 che
479 2663 574 2686 sono
600 2652 690 2685 stati
714 2652 815 2685 nella
834 2650 1085 2694 Cornpagnia,
1107 2650 1127 2684 ὲ
1153 2651 1253 2684 bene
1278 2651 1349 2684 che
1375 2649 1407 2684 si
1433 2650 1538 2695 sapia
1567 2649 1687 2691 prima
1706 2648 1769 2694 qui
1788 2649 1812 2681 il
1874 2636 1875 2659 ³

186 2722 311 2753 nome,
332 2722 533 2755 eognome,
555 2716 685 2754 tempo
704 2716 742 2743 et
766 2720 895 2751 cause,
917 2709 1097 2744 accioche
1117 2709 1148 2742 si
1173 2709 1327 2753 camini,
1355 2708 1386 2742 si
1412 2720 1521 2742 come
1548 2707 1707 2742 fm’hora
1733 2707 1766 2741 si
1791 2706 1811 2741 e

185 2770 293 2812 fatto,
313 2771 370 2803 col
392 2770 503 2803 solito
521 2769 653 2803 ordine
672 2768 709 2802 di
729 2774 857 2802 nostra
876 2767 1129 2812 Compagni33
1151 2773 1188 2801 et
1209 2779 1250 2801 se
1276 2768 1309 2801 ci
1338 2767 1441 2801 fosse
1467 2767 1628 2812 qualche
1648 2765 1812 2811 pericolo

187 2829 223 2862 in
245 2840 360 2871 mora,
381 2828 442 2871 gia
463 2830 497 2862 le
515 2827 781 2861 constitutioni
801 2831 839 2860 et
859 2827 892 2860 la
912 2825 1050 2860 facolta
1066 2825 1128 2860 del
1151 2826 1388 2870 prouinciale
1407 2826 1570 2860 bastano
1584 2836 1651 2870 per
1665 2824 1754 2858 dare
1768 2823 1813 2857 ri-

187 2887 377 2921 solutione
397 2899 416 2920 a
435 2893 573 2932 questo
593 2886 750 2920 dubio.»

256 2946 268 2964 4
320 2947 452 2990 Resp.:
473 2951 586 2979 antea
606 2956 690 2978 eam
709 2944 872 2988 gratiam
893 2943 1181 2977 concedendam
1210 2942 1500 2988 coadjutoribus
1525 2942 1716 2988 aliquibus
1741 2939 1812 2986 Spi-

188 3004 406 3047 ritualibus3
427 3004 528 3050 quod
549 3010 634 3049 post
654 3003 916 3038 visitationem
936 3003 1150 3037 consultius
1168 3001 1251 3036 fieri
1272 3002 1425 3047 poterit.

1865 206 1876 1725 ffl--ffiu-—e—a—

1889 1539 1891 1546 .
1889 1479 1891 1484 .
1882 1272 1883 1275 ⁴
1886 1189 1891 1195 .
1885 1107 1891 1113 .
1887 1034 1891 1047 ,Δ
1883 952 1891 960 ι
1884 866 1891 924 0....
1878 389 1891 836 ..ιΑ-.-ᾼ-,...ι-.Λ-Α.ι.-.;ὶ·-
1880 199 1882 202 ·
