1891 3292
597 189 1127 233 COMMENTAR1OLA.-1565
1560 192 1625 229 051

42 308 218 352 operam
243 307 332 334 non
356 293 602 347 denegaret
626 294 811 347 populo,
840 300 964 347 peste
988 293 1118 347 (quae
1146 291 1188 331 in
1210 305 1321 345 agro
1338 289 1559 344 burgensi
1585 289 1676 331 fere

43 352 346 412 grassabatur)
368 351 609 408 laboranti,
637 359 872 406 correptus
896 352 1029 393 etiam
1054 358 1122 393 est
1141 350 1235 405 ipse
1253 350 1409 392 eodem
1431 348 1607 399 morb03
1634 356 1677 388 at

43 428 142 457 curn
176 412 248 454 die
281 410 348 464 4.⁰
386 410 496 452 febri
522 410 888 465 ingrauescente,
916 419 959 453 et
981 410 1138 452 mortis
1169 408 1369 464 periculo
1399 408 1676 457 imminente,

43 470 403 516 communionem
429 483 600 512 sacram
632 469 715 510 sibi
746 469 979 523 impertiri,
1014 479 1058 512 et
1091 468 1355 523 particulam
1390 466 1501 525 ligni
1533 465 1680 507 crucis

44 546 156 588 quae
180 530 224 571 in
248 529 449 571 eiusdem
474 528 652 583 collegii
678 530 845 583 templo
869 536 1093 578 seruatur,
1115 527 1199 569 sibi
1218 527 1491 568 adorandam
1517 524 1680 566 adferri

43 591 329 648 postulasset,
356 587 489 629 simul
511 596 647 642 atque
672 588 868 629 refectus
890 595 958 629 est
982 588 1065 630 S.¹0
1091 588 1401 635 Sacramento,
1435 593 1478 626 et
1508 593 1678 638 partem

43 648 187 693 crucis
211 647 483 703 praedictam
507 645 726 698 adorauit,
747 647 872 688 febre
890 647 1124 688 liberatum
1146 660 1193 688 se
1212 645 1367 695 sensit,
1389 651 1432 685 et
1457 652 1545 684 tam
1567 644 1681 685 bene

44 709 126 753 sibi
149 709 298 749 valere
321 706 445 748 visus
468 714 553 757 est,
580 714 628 747 vt
650 706 801 747 statim
825 721 849 747 a
873 706 991 747 lecto
1014 719 1202 759 surgere
1227 711 1394 759 posset.
1424 704 1474 746 P.
1506 703 1681 744 Baltha-

43 783 116 811 sar
138 769 250 810 Diez
274 765 384 808 nulli
408 773 535 821 peste
564 765 786 807 laboranti
817 779 944 806 suam
976 779 1151 819 negans
1181 777 1380 818 operam,
1413 776 1588 816 semper
1617 761 1679 801 in-

43 827 230 870 columis
256 826 355 868 fuit.
782 845 791 869 ,ι

131 896 201 939 55.
270 887 374 927 Hoc
403 884 501 939 ipso
530 891 753 925 autumno
782 883 827 934 in
859 882 1021 924 studiis
1052 881 1309 923 reformatio
1341 888 1494 921 curata
1525 886 1608 928 est,
1641 886 1684 919 et

45 945 340 988 constitutum
368 951 413 985 vt
438 952 527 985 tarn
555 942 867 998 philosophiae
892 955 1022 995 quam
1051 940 1307 995 theologiae
1334 939 1624 994 professores,
1663 953 1686 978 a

45 1004 311 1060 quibusdam
338 1002 734 1058 propositionibus,
759 1015 875 1055 quae
901 1001 1020 1055 prius
1045 1000 1185 1041 teneri
1210 1015 1233 1041 a
1264 999 1535 1052 quibusdam
1562 997 1682 1038 sole-

45 1065 171 1116 bant,
200 1063 496 1113 abstinerent,
525 1062 641 1116 quod
668 1060 889 1115 relligioni
924 1059 1168 1115 pietatique
1193 1058 1340 1099 minus
1363 1059 1587 1106 fauerent,
1616 1056 1686 1097 vel

46 1137 209 1165 nouam
237 1130 281 1165 et
306 1122 454 1163 minus
478 1122 664 1163 solidam
692 1135 824 1175 quam
852 1126 1095 1174 oporteret,
1122 1117 1368 1159 doctrinam
1390 1117 1616 1165 afferrent,
1642 1122 1686 1157 et

47 1197 160 1237 quae
185 1181 336 1224 dicere
360 1195 413 1223 ac
445 1189 598 1223 tenere
629 1195 706 1234 par
735 1187 869 1229 esset,
904 1186 1002 1233 post
1032 1177 1408 1219 consultationem
1440 1189 1542 1216 cum
1576 1173 1686 1228 ipsis

47 1241 308 1283 doctoribus
333 1241 518 1294 suisque
543 1238 878 1281 consultoribus
901 1236 1126 1294 generalis
1149 1236 1320 1286 statuit3
1348 1244 1390 1277 et
1415 1242 1503 1275 tam
1529 1234 1571 1274 in
1597 1233 1682 1274 col-

49 1301 166 1356 legio
216 1308 370 1342 nostro
421 1314 555 1353 quam
607 1299 650 1340 in
701 1298 978 1353 germanico,
1026 1296 1354 1351 propositiones
1410 1292 1685 1348 promulgari

48 1360 176 1402 iussit
200 1359 224 1412 i;
252 1374 366 1415 quae
391 1359 522 1401 etiam
549 1359 604 1400 ad
629 1359 881 1413 profectum
901 1365 1192 1399 externorum
1217 1355 1260 1395 in
1280 1353 1454 1401 litteris,
1477 1365 1683 1407 praeser-

51 1419 127 1461 tim
151 1419 195 1461 in
220 1418 512 1462 inferioribus
534 1418 754 1459 classibus
780 1420 988 1470 (quarum
1013 1415 1156 1456 minor
1187 1414 1298 1455 ratio
1327 1411 1594 1463 habebatur)
1627 1411 1685 1450 sa-

51 1487 220 1533 certent,
247 1478 488 1533 diligenter
512 1486 617 1519 sunt
648 1477 911 1518 constituta.

136 1539 204 1591 56.
269 1537 400 1580 Ratio
424 1536 652 1579 scribendi
679 1545 767 1577 tam
792 1535 962 1578 litteras
985 1533 1040 1575 ad
1070 1531 1426 1574 aedificationem
1459 1528 1685 1584 pertinen—

50 1605 128 1648 tes,
147 1612 280 1651 quam
301 1597 426 1646 alias,
452 1605 497 1638 et
521 1596 710 1637 formula
729 1596 966 1636 domorum
989 1590 1284 1647 probationis,
1307 1590 1540 1631 confectae
1558 1587 1689 1641 juxta

49 1657 271 1712 generalis
294 1655 665 1712 congregationis
688 1654 1021 1702 diffinitionem,
1049 1659 1093 1695 et
1117 1650 1371 1706 publicatae
1394 1649 1552 1691 eodem
1580 1656 1690 1689 tem-

50 1730 156 1771 pore
180 1718 378 1758 fuerunt.
408 1716 579 1757 Feruor
608 1715 714 1756 item
741 1712 917 1756 xfianae
945 1711 1178 1754 doctrinae
1208 1724 1233 1750 a
1265 1707 1478 1764 professis
1510 1706 1685 1748 tradem>

51 1776 130 1817 dae
154 1783 416 1827 renouatus,
443 1783 488 1816 et
511 1774 604 1828 ipsa
642 1774 706 1816 La
736 1772 961 1814 dominica
984 1772 1225 1821 aduentus,
1249 1768 1381 1810 simul
1413 1766 1618 1821 pluribus
1642 1763 1685 1806 in

51 1835 227 1889 templis
250 1849 302 1877 ea
328 1834 441 1876 tradi
465 1842 595 1888 cepta
618 1840 703 1876 est.

138 1905 208 1947 57.
278 1893 619 1937 Vicecomitissa
657 1892 784 1934 Eboli
821 1890 1019 1933 moriens
1056 1888 1256 1943 quinque
1286 1885 1423 1927 millia
1462 1895 1502 1930 V
1545 1890 1687 1924 testa-

51 1961 200 1996 mento
223 1953 394 2008 legauit
417 1951 648 2002 Societati,
677 1959 724 1993 vt
746 1950 921 1992 initium
947 1950 1128 1990 daretur
1152 1945 1349 2001 collegio
1373 1947 1420 1987 in
1445 1943 1613 1998 oppido
1637 1943 1691 1984 de

53 2013 268 2056 Belchite.
302 2012 442 2055 Filius
471 2019 515 2055 et
544 2013 675 2063 heres
705 2010 818 2060 eius,
845 2011 994 2052 dotem
1028 2009 1144 2049 hanc
1175 2020 1344 2060 augere
1369 2011 1569 2059 paratus,
1598 2016 1688 2044 rem

52 2086 327 2127 magnopere
352 2075 413 2125 (vt
439 2086 463 2112 a
487 2070 653 2113 nostris
678 2067 1107 2124 caesaraugustanis
1131 2065 1380 2115 scribitur),
1414 2062 1597 2117 expetit.

140 2132 210 2185 58.
279 2132 380 2173 Hoc
410 2131 506 2186 ipso
531 2138 751 2172 autumno
781 2127 953 2172 Sasseri
983 2126 1027 2168 in
1052 2125 1283 2174 Sardinia,
1315 2122 1588 2165 curriculum
1614 2134 1684 2160 arn

55 2190 160 2232 tium
186 2191 446 2233 inchoatum
471 2198 555 2240 est,
582 2204 659 2232 rex
682 2189 800 2230 enim
828 2187 1065 2241 Philippus
1094 2197 1173 2227 100
1196 2197 1356 2225 aureos
1380 2181 1518 2223 annui
1543 2178 1687 2221 reddi-

54 2257 124 2292 tus
161 2250 284 2292 dedit
314 2250 355 2291 ei
387 2248 599 2304 collegio,
641 2257 688 2290 vt
719 2249 763 2289 in
794 2262 848 2289 eo
877 2245 1136 2300 theologiae
1166 2242 1298 2285 lectio
1327 2242 1477 2291 fieret;
1510 2248 1553 2281 et
1584 2239 1690 2280 dum

54 2309 259 2364 discipuli
290 2323 365 2364 per
396 2308 702 2364 philosophiae
732 2306 1010 2361 disciplinam
1043 2302 1250 2345 instructi
1282 2302 1553 2349 redduntur,
1582 2312 1689 2339 con-

55 2375 204 2411 tentus
229 2368 313 2410 suit
337 2377 383 2409 vt
408 2383 486 2423 pro
511 2367 740 2422 theologia
766 2363 1050 2421 philosophia
1076 2362 1428 2417 praelegeretur.

142 2438 210 2484 59.
280 2429 396 2471 Cum
421 2428 464 2469 in
490 2426 684 2482 collegio
707 2425 983 2480 germanico,
1007 2422 1134 2464 multi
1153 2420 1228 2475 qui
1247 2419 1520 2463 Societatem
1541 2415 1670 2469 ingre

55 2486 97 2528 di
120 2488 409 2542 expetebant,
436 2495 481 2528 vt
504 2486 682 2541 probari
708 2492 858 2540 posset
881 2498 1036 2526 eorum
1060 2481 1236 2523 animus
1260 2486 1304 2521 et
1328 2478 1565 2524 talentum,
1588 2487 1692 2515 con-

55 2545 363 2601 stituerentur,
386 2547 641 2601 praefectus
659 2545 766 2600 ipsis
784 2543 879 2586 dari
897 2550 1057 2596 ceptus
1075 2547 1159 2593 est,
1182 2537 1257 2592 qui
1274 2538 1395 2579 velut
1415 2533 1690 2576 nouitiorum

55 2605 266 2660 magister
290 2605 561 2660 peculiarem
585 2619 742 2647 eorum
767 2618 918 2646 curam
944 2602 1131 2643 haberet
1163 2597 1239 2652 qui
1263 2596 1325 2638 sic
1351 2595 1621 2650 probantur,
1649 2599 1691 2634 et

56 2664 326 2719 reliquorum
351 2665 426 2719 qui
449 2665 495 2706 in
518 2679 573 2707 eo
601 2663 796 2718 collegio
826 2661 1122 2709 inseruirent3
1149 2664 1193 2700 et
1218 2656 1388 2711 primus
1419 2652 1503 2694 fuit
1530 2653 1580 2694 P.
1610 2649 1690 2694 Mi-

57 2724 183 2767 chael
206 2725 320 2779 Spes
339 2723 349 2755 J'
373 2725 404 2768 ³.

123 2836 132 2861 i
181 2836 306 2870 Prius
326 2839 590 2882 promulgatae
609 2840 699 2870 sunt
715 2841 767 2877 et,
788 2836 829 2867 at
847 2834 907 2867 his
926 2841 947 2866 2
966 2830 1093 2866 verbis
1107 2828 1258 2867 deletis,
1274 2826 1469 2870 scriptum
1491 2825 1545 2857 est
1564 2820 1691 2863 iussit,

55 2883 120 2916 sed
134 2884 327 2927 remansit
347 2886 627 2929 promulgatae.
683 2882 736 2914 -‘—J'
768 2880 811 2915 [n
832 2890 982 2924 marg„
1005 2878 1089 2912 alia
1105 2885 1246 2910 manu:
1263 2873 1401 2918 Supra,
1418 2883 1455 2906 n.
1477 2870 1535 2914 343
1554 2869 1692 2904 itidem

58 2930 109 2963 ad
127 2942 165 2965 n.
186 2930 248 2965 62:
270 2931 408 2977 Supra,
430 2943 467 2966 n.
489 2930 548 2974 43.

129 3029 142 3049 ³
191 3031 330 3077 Supra,
352 3043 388 3066 n.
411 3030 457 3075 34
475 3030 589 3076 hujus
608 3030 711 3066 anni:
734 3027 784 3064 cf.
806 3032 935 3062 annot.
954 3025 984 3071 j.
