1891 3292
503 213 1094 257 EPHEMERIDES.—JUL.-AUG.
1128 221 1215 257 1557
1560 211 1626 244 601

47 316 273 373 sciplinae,
301 312 511 368 quamuis
535 326 626 353 non
651 320 803 355 essent
827 327 1003 368 semper
1029 313 1243 367 quinque3
1270 314 1438 355 fiebant
1461 313 1592 354 etiam
1618 312 1674 355 ie-

49 376 168 421 iunia
191 373 323 416 solita
347 372 418 414 die
440 371 632 414 veneris.

135 433 306 478 Concio
332 431 510 486 publica
534 429 714 472 breuior
738 438 850 480 erat,
879 432 1178 472 cantabantur
1202 430 1606 479 breuiusletaniae,
1634 437 1678 472 et

49 492 226 538 nonnisi
249 506 351 533 cum
376 491 553 533 delectu
586 490 862 531 accedebant
893 492 947 530 ad
979 492 1210 545 templum,
1236 491 1307 532 uel
1338 497 1544 532 cantores
1577 489 1675 539 soli,

49 554 117 597 uel
143 551 274 607 pauci
297 549 478 604 quidem
503 549 635 591 etiam
661 548 749 589 alii.

129 623 199 654 21.
227 611 292 651 Ex
317 608 509 663 collegio
533 608 576 649 in
601 608 783 649 domum
808 609 989 648 Patrum
1010 615 1332 650 concesserunt
1351 607 1554 648 sanitatis
1573 620 1676 648 cau-

47 687 92 715 sa
114 672 205 712 don
229 668 490 718 Federieus‚
519 667 774 717 Petronius,
802 667 1032 708 Henricus
1054 667 1238 708 flander.

130 741 201 783 23.
235 726 482 771 Constituit
513 727 565 768 R.
603 727 649 767 P.
681 726 854 767 Natalis
888 733 936 766 ut
970 740 1102 767 casus
1134 724 1438 767 conscientiae
1472 724 1677 778 quaterni

47 790 115 832 uel
140 787 254 830 terni
272 787 531 842 legeremus
554 785 607 826 iis
631 784 792 826 diebus
814 784 978 837 quibus
997 800 1085 826 non
1111 792 1214 826 sunt
1237 784 1452 825 lectiones
1476 784 1518 824 in
1543 784 1675 825 colle-

44 849 135 905 gi03
162 853 213 889 ut
235 861 355 888 unus
379 846 567 887 haberet
597 858 764 888 curam,
782 844 986 884 soluendi
1018 844 1170 893 dubia3
1198 850 1242 886 et
1271 842 1306 883 si
1337 842 1587 883 difficiliora
1611 857 1675 884 es-

45 915 159 958 sent,
186 907 407 947 referrent
431 905 487 945 ad
511 918 575 945 se.

129 975 201 1019 25,
239 965 314 1019 qui
348 971 446 1007 erat
487 964 651 1005 festum
690 962 835 1004 sancti
872 962 1036 1015 iacobi,
1063 960 1297 1002 constituit
1320 962 1371 1001 R.
1408 962 1457 1001 P.
1486 959 1675 1009 Natalis,

44 1024 306 1068 conuocatis
331 1022 679 1078 professoribus,
709 1029 757 1063 ut
780 1021 853 1062 illa
878 1021 1127 1075 septimana
1151 1020 1358 1073 sequenti
1388 1033 1476 1060 non
1506 1019 1676 1073 legere-

44 1091 129 1138 tur,
156 1084 235 1125 sed
261 1091 307 1125 ut
331 1081 499 1137 singuli
524 1088 840 1136 praeceptores
858 1080 1106 1134 discipulos
1126 1094 1231 1120 suos
1249 1078 1532 1132 disputantes
1554 1077 1677 1118 audi-

44 1153 157 1194 rent,
187 1157 274 1184 una
292 1143 402 1183 hora
422 1149 522 1196 post
543 1140 800 1194 prandium,
822 1140 878 1182 de
896 1140 1089 1193 quadam
1110 1147 1232 1192 parte
1251 1137 1425 1178 illorum
1445 1151 1559 1189 quae
1576 1137 1678 1177 hac-

46 1210 174 1245 tenus
198 1202 487 1252 audiuerunt,
512 1199 650 1253 idque
673 1200 856 1241 alternis
875 1199 1050 1242 diebus
1095 1197 1210 1239 Aliis
1232 1205 1380 1239 autem
1405 1195 1566 1238 diebus
1589 1209 1677 1237 me-

44 1262 127 1304 diis
153 1261 333 1316 legendi
359 1266 513 1303 essent
536 1273 684 1302 casus,

129 1332 198 1373 27.
228 1320 440 1363 Absoluit
468 1321 518 1361 P.
547 1318 720 1360 Natalis
750 1317 989 1360 lectionem
1014 1330 1201 1358 casuum
1235 1322 1568 1356 reseruatorum
1593 1314 1677 1356 So-

45 1380 234 1429 cietatis‚
260 1394 395 1434 quam
420 1378 660 1432 aliquoties
680 1377 846 1419 fecerat
870 1390 1022 1418 coram
1042 1373 1383 1416 confessoribus
1408 1372 1676 1426 quibusdam

44 1439 242 1494 collegii.

130 1499 237 1540 Erat
259 1497 303 1538 in
329 1496 523 1551 collegio
553 1495 735 1550 quidam
769 1496 960 1537 loannes
992 1495 1172 1536 Marcus
1206 1492 1335 1533 ualde
1368 1491 1590 1539 infirmus,
1617 1488 1677 1530 ita

45 1564 92 1599 ut
114 1557 317 1599 medicus
340 1556 544 1598 crederet
561 1569 664 1597 eum
685 1554 968 1605 moriturum,
989 1561 1033 1596 et
1058 1561 1205 1594 tamen
1226 1551 1309 1593 Dei
1334 1548 1554 1592 beneficio
1573 1562 1678 1589 con-

45 1617 185 1658 ualuit
219 1616 456 1658 orantibus
487 1616 718 1665 fratribus,
750 1615 811 1655 ita
841 1621 891 1655 ut
920 1611 1127 1667 sequenti
1162 1611 1234 1653 die
1268 1610 1438 1651 diceret
1474 1608 1680 1650 medicus

45 1676 236 1725 cuidam,
265 1675 483 1717 miraculo
507 1675 702 1729 quodam
728 1673 929 1716 euasisse
953 1679 1165 1713 mortem.

132 1736 179 1777 In
205 1735 413 1776 ultimum
432 1734 549 1776 diem
569 1733 721 1785 huius,
743 1734 819 1786 qui
839 1730 1176 1774 anniuersarius
1194 1735 1292 1771 erat
1311 1742 1400 1781 quo
1424 1726 1478 1767 ad
1504 1725 1679 1767 coelum

45 1794 256 1849 migrauit
281 1794 423 1836 Rdus.
454 1795 588 1836 Pater
617 1801 787 1843 noster,
819 1792 948 1833 multi
978 1789 1295 1832 desiderabant
1325 1785 1679 1835 communicare,

45 1855 121 1896 sed
143 1854 312 1896 nemini
333 1854 405 1896 uel
423 1854 525 1905 hoc,
546 1853 617 1895 uel
637 1853 778 1894 ullum
798 1851 919 1893 aliud
939 1857 1176 1892 externum
1203 1862 1227 1888 a
1251 1845 1558 1901 superioribus
1576 1856 1680 1884 con-

46 1925 219 1955 cessum
239 1920 325 1956 est.

603 2045 664 2073 DE
700 2043 859 2072 MENSE
896 2041 1119 2072 AUGUSTO

139 2149 287 2192 Primo
306 2149 509 2204 Augusti
530 2149 661 2191 ualde
680 2148 886 2189 infirmus
904 2152 999 2190 erat
1023 2148 1085 2189 M.
1108 2145 1306 2187 Erardus
1328 2157 1471 2196 usque
1494 2142 1549 2183 ad
1568 2155 1683 2182 mor-

49 2214 153 2263 tem,
178 2216 222 2251 et
247 2209 408 2251 fratres
431 2222 588 2250 omnes
611 2207 729 2249 circa
761 2207 993 2250 meridiem
1025 2204 1176 2247 uocati
1207 2210 1335 2255 sunt,
1362 2204 1417 2244 ad
1440 2201 1680 2243 dicendum

47 2267 235 2310 letanias
259 2283 338 2323 pro
362 2282 431 2317 eo,
452 2283 476 2309 a
501 2269 553 2310 R.
584 2269 635 2309 P.
665 2265 828 2309 Natali.

134 2327 302 2369 Eodem
326 2327 398 2369 die
422 2326 657 2369 constituit
684 2328 735 2369 R.
766 2328 814 2368 P.
844 2324 1039 2373 Natalis,
1068 2334 1116 2364 ut
1148 2321 1354 2375 sequenti
1378 2320 1451 2361 illa
1474 2318 1680 2373 septima-

48 2399 103 2428 na
126 2386 308 2428 alternis
332 2393 509 2428 tantum
532 2386 694 2428 diebus
720 2400 745 2426 a
763 2383 1048 2439 philosophis
1072 2383 1313 2437 legeretur.

136 2445 205 2499 3.⁰
240 2445 378 2487 huius
407 2445 525 2487 circa
555 2445 761 2499 quintam
792 2442 939 2486 noctis
968 2444 1123 2484 horam
1154 2439 1439 2482 foelicissime
1469 2435 1682 2491 migrauit

48 2504 102 2545 ad
124 2504 368 2547 Dominum
394 2507 525 2548 Mter.
559 2505 757 2546 Erardus
785 2502 1045 2551 leodiensis,
1078 2500 1153 2555 qui
1183 2501 1347 2540 multos
1380 2490 1524 2538 annos
1546 2495 1679 2537 Vien-

48 2576 145 2614 nae,
172 2571 217 2606 et
240 2571 396 2619 postea
419 2572 464 2607 et
487 2564 529 2605 in
556 2563 680 2605 Italia
703 2572 887 2606 strenue
905 2560 1094 2603 seruiuit
1114 2560 1321 2608 Domino,
1347 2556 1557 2599 eximium
1578 2554 1681 2595 obe-

49 2621 244 2666 dientiae
267 2630 312 2665 et
335 2623 582 2666 alacritatis
616 2622 658 2664 in
694 2622 779 2665 Dei
809 2620 994 2663 seruitio
1023 2619 1249 2674 specimen
1283 2617 1339 2659 de
1368 2629 1415 2656 se
1446 2614 1681 2669 praebens.

50 2680 267 2736 Sequenti
290 2697 398 2725 vero
421 2682 493 2724 die
518 2696 683 2737 corpus
708 2681 805 2724 eius
830 2679 1078 2722 honorifice
1102 2693 1156 2720 ex
1180 2675 1372 2730 collegio
1394 2674 1439 2715 in
1469 2672 1683 2726 templum

49 2748 248 2783 nostrum
272 2742 580 2796 deportatum,
607 2741 869 2795 sepulturae
904 2738 1116 2780 traditum
1141 2743 1208 2778 est
1233 2736 1287 2777 ad
1311 2735 1517 2776 dextrum
1542 2745 1683 2773 cornu

50 2799 197 2842 altaris
221 2801 417 2843 maioris.
444 2802 552 2842 Erat
574 2801 784 2842 sacerdos
808 2799 893 2840 iam
920 2813 944 2839 a
968 2797 1110 2838 tribus
1133 2794 1278 2845 annis;
1304 2793 1374 2834 die
1398 2790 1551 2833 martis
1570 2804 1683 2832 mor-

50 2863 153 2900 tuus
176 2866 259 2912 est;
286 2860 358 2902 die
388 2859 566 2902 ueneris
595 2857 883 2914 praecedenti
914 2854 1215 2899 uenerabilem
1248 2850 1575 2894 Eucharistiam
1611 2862 1682 2890 ac-

42 2917 245 2972 ceperat,
271 2925 316 2961 et
338 2919 410 2960 die
429 2918 634 2961 sabbathi
653 2926 899 2960 extremam
921 2914 1198 2963 unctionem,
1220 2919 1263 2955 et
1283 2911 1462 2952 tandem
1482 2908 1552 2951 die
1573 2922 1683 2949 mar-

53 2975 108 3017 tis
130 2985 197 3019 est
220 2985 428 3020 mortuus
453 2977 646 3020 maxima
668 2991 769 3019 cum
794 2974 994 3017 omnium
1018 2972 1346 3015 aedificatione.

139 3037 308 3080 Eodem
331 3037 403 3080 die
426 3036 655 3079 Ameriam
685 3035 768 3078 iuit
797 3034 1028 3077 Henricus
1058 3030 1382 3085 antuerpianus
1411 3041 1512 3069 cum
1545 3028 1679 3069 Mtro.
