1891 3292
233 176 303 209 620
740 173 928 208 POLANCl
955 182 1272 208 COMPLEMENTA

190 276 271 331 piis
295 276 349 316 de
373 288 523 317 amore
555 273 654 327 Dei,
684 273 830 327 deque
858 272 999 328 ipsius
1028 273 1260 317 beneficiis
1288 280 1332 317 et
1361 273 1581 328 operibus,
1602 273 1807 316 mirabili·

188 336 287 385 bus,
323 340 368 374 vt
404 340 560 373 mutuo
590 332 977 382 confirmaremur,
1009 340 1052 375 et
1085 332 1484 374 inflammaremur.
1521 333 1635 373 Nam
1669 333 1810 387 qualis

188 393 377 446 quisque
400 392 473 442 sit,
500 391 677 444 loquela
705 391 803 432 eius
835 391 1121 433 manifestum
1155 391 1316 447 reddit,
1348 391 1728 445 quemadmodum
1757 392 1810 436 de

188 454 243 493 D.
274 453 407 492 Petro
431 449 643 503 legimus.

274 521 346 564 29,
375 522 446 562 30.
477 510 528 551 P.
556 508 811 550 Cornelius:
839 507 962 550 Nihil
986 522 1182 562 vnquam
1210 508 1468 549 faciendum
1498 509 1667 551 suadeo
1699 523 1810 551 sem-

190 581 281 623 per,
308 582 440 621 quam
466 574 513 608 vt
540 567 842 608 obedientiam
872 566 1218 621 diligentissime
1247 567 1558 621 vnusquisque
1585 568 1808 621 obseruet3

189 641 302 681 quae
322 626 456 677 videt,
479 625 523 666 in
542 626 770 668 meliorem
791 634 962 680 partem
981 626 1370 681 interpretetur‚et
1389 626 1583 680 denique
1601 633 1650 668 ut
1667 627 1810 668 Deum

188 699 364 739 semper
388 687 608 727 honorare
630 686 825 727 studeat.

277 746 329 786 R.
380 746 429 786 P.
465 743 642 785 Madrid
674 743 849 786 fortiter
881 743 1061 785 dicebat
1091 757 1193 785 curn
1229 742 1412 785 domino
1444 744 1620 795 domus,
1651 743 1694 784 in
1729 757 1814 797 qua

189 811 293 844 sunt
318 802 544 856 muliereS,
570 803 800 855 agendum
823 816 938 854 esse,
965 810 1009 843 vt
1033 802 1242 845 videlicet
1259 802 1523 844 modestiam
1547 809 1755 857 procuret
1772 803 1813 844 in

189 860 275 902 illis
297 861 578 910 mulieribus,
605 876 661 904 ne
683 876 708 903 a
731 861 862 903 nobis
884 861 1141 911 audiantur,
1167 869 1211 903 et
1234 869 1279 902 vt
1301 861 1365 902 sic
1389 869 1515 902 curet
1537 861 1673 903 serari
1697 863 1814 904 fene·

190 926 318 973 stras,
343 928 390 960 vt
415 934 471 961 ne
499 920 622 975 ipsae
651 920 831 974 quidem
861 920 1074 962 mulieres
1106 919 1278 974 aperire
1310 920 1500 974 possint,
1526 919 1701 961 etiamsi
1728 921 1816 962 vel—

190 979 297 1023 lent.
327 979 572 1021 Debuisset
595 980 730 1021 etiam
755 979 943 1031 moneri,
970 993 1109 1034 quare
1128 986 1309 1033 propter
1327 979 1503 1020 lucrum
1526 978 1614 1020 vile
1635 979 1812 1021 inhone·
1887 1011 1891 1018 .

189 1038 270 1079 stis
294 1038 560 1080 mulieribus
589 1039 772 1080 domum
802 1052 929 1080 suam
959 1039 1091 1090 locet,
1122 1052 1238 1092 quae
1272 1037 1316 1079 in
1350 1045 1540 1092 peccato
1572 1037 1748 1079 mortali
1775 1044 1817 1080 et
1880 1057 1891 1079 2·

189 1097 359 1139 offensa
385 1097 466 1139 Dei
487 1098 750 1151 persistunt.

281 1157 332 1198 R.
364 1157 413 1197 P.
441 1156 697 1199 Cornelius:
724 1157 827 1198 Non
851 1163 919 1199 est
942 1155 1272 1210 indulgendum
1302 1154 1540 1209 scrupulis;
1567 1155 1816 1197 conceden-

190 1214 296 1256 dum
320 1223 388 1256 est
411 1223 587 1257 mature
611 1215 831 1270 cubitum,
859 1222 902 1258 et
926 1215 1011 1258 alia
1037 1215 1256 1268 facienda,
1284 1228 1401 1268 quae
1429 1213 1695 1269 praescribit
1716 1227 1816 1255 con—

192 1273 420 1317 fessarius.

906 1410 1095 1439 APRILIS

287 1511 338 1553 R.
370 1512 421 1552 P.
456 1510 695 1552 Cornelius
725 1510 993 1551 hortabatur
1023 1524 1109 1559 me,
1143 1508 1379 1551 occasione
1408 1508 1584 1550 Ioannis
1615 1507 1817 1563 Philippi,

195 1579 242 1611 vt
266 1570 310 1610 in
335 1584 383 1612 se
408 1571 567 1611 Xrum.
590 1579 841 1624 spectarem
860 1576 904 1611 et
927 1582 1156 1622 sequerer,
1177 1575 1222 1610 et
1240 1582 1329 1609 non
1349 1567 1534 1609 nimium
1558 1567 1717 1609 vellem
1742 1568 1818 1608 hu-

193 1643 350 1670 manae
375 1628 640 1682 prudentiae
664 1629 896 1670 adherere.

281 1687 402 1729 Idem
437 1688 571 1730 dabat
605 1687 674 1729 his
708 1686 862 1742 primis
900 1685 1061 1728 diebus
1100 1700 1311 1740 magnam
1349 1693 1522 1740 partem
1561 1684 1680 1727 vitae
1718 1698 1822 1727 suae

195 1745 291 1789 R.d⁰
317 1748 366 1789 P.
396 1747 545 1788 Natali
568 1746 932 1787 examinandam.

284 1807 335 1848 R.
366 1807 415 1847 P,
445 1805 620 1848 Madrid
641 1806 697 1847 de
721 1805 990 1859 quibusdam
1011 1803 1191 1846 casibus
1209 1828 1264 1834 —
1288 1819 1359 1846 —:
1383 1804 1579 1845 Omnem
1603 1802 1726 1843 illum
1751 1816 1821 1844 ex·

193 1864 648 1906 communicationem
668 1865 914 1918 incurrere,
937 1862 1012 1917 qui
1036 1876 1324 1917 quocumque
1342 1863 1476 1904 modo
1498 1861 1543 1903 in
1567 1861 1685 1902 bello
1708 1868 1823 1903 esset

193 1934 350 1965 contra
375 1939 551 1978 papam.
579 1922 672 1965 Etsi
703 1931 822 1965 esset
847 1930 1022 1964 tantum
1048 1923 1258 1973 famulus,
1281 1929 1325 1963 et
1349 1935 1467 1987 page
1490 1928 1527 1945 ⁰⁰
1549 1920 1754 1970 alicuius,
1780 1926 1823 1960 vt

194 1981 283 2023 dici
306 1983 436 2033 solet,
458 1983 705 2024 dummodo
728 1982 783 2023 sit
807 1981 894 2023 doli
919 1995 1074 2035 capax
1104 1982 1205 2023 Non
1231 1980 1372 2023 teneri
1397 1981 1452 2022 ad
1476 1979 1820 2029 restitutionem,

194 2034 269 2095 qui
293 2041 338 2082 in
361 2042 492 2094 bello,
517 2042 638 2096 quod
661 2041 829 2082 iustum
850 2055 949 2083 esse
972 2040 1187 2090 creditur,
1208 2040 1354 2082 aufert
1376 2038 1672 2081 comestibilia
1695 2036 1821 2078 rusti-

194 2099 258 2141 cis
280 2109 324 2141 et
347 2100 457 2151 aliis,
482 2101 586 2165 quia
611 2100 729 2141 hoc
720 2115 806 2141 1am
833 2099 1046 2153 permittit
1065 2099 1364 2141 consuetudo,

284 2159 498 2201 Similiter
521 2160 654 2202 etiarn
680 2173 769 2200 non
794 2173 892 2201 esse
912 2172 1027 2212 opus
1050 2166 1097 2198 vt
1120 2158 1332 2200 iubeatur
1350 2155 1542 2205 restitui,
1564 2155 1600 2197 si
1623 2154 1723 2208 quis
1745 2153 1823 2194 mi-

199 2216 369 2259 nimum
393 2218 500 2272 quid
524 2217 714 2272 accepit,
741 2224 789 2258 vt
814 2218 988 2258 fructus
1011 2227 1055 2258 et
1078 2217 1180 2267 alia,
1202 2231 1317 2271 quae
1336 2216 1410 2257 vix
1429 2230 1517 2256 vno
1535 2214 1769 2256 baioccum
1786 2220 1823 2244 PP

198 2277 363 2319 valent.
393 2279 783 2332 Reprehendatur‚
811 2283 858 2317 vt
882 2276 1023 2318 discat
1048 2276 1196 2318 odisse
1220 2283 1263 2317 et
1286 2276 1446 2325 vitare,
1473 2281 1516 2316 et
1539 2274 1615 2316 det
1637 2273 1822 2315 eleemo-

199 2349 357 2389 synam
381 2337 594 2390 aliquam,
620 2337 655 2378 si
680 2342 843 2389 potest.

289 2396 340 2437 R.
370 2397 420 2437 P.
458 2395 630 2438 Natalis
663 2396 717 2436 de
748 2396 808 2437 Μ.
835 2393 1046 2435 Cornelio
1075 2408 1146 2436 me
1176 2394 1479 2446 interrogans:
1512 2390 1656 2433 Valde
1684 2390 1823 2430 latens

198 2459 266 2494 est
295 2454 480 2504 veritas,
515 2454 754 2508 praecipue
786 2453 830 2493 in
864 2452 1173 2507 singularibus
1201 2452 1407 2506 agendis.
1436 2450 1579 2493 Valde
1611 2449 1738 2490 iuuat
1770 2447 1824 2488 ad

201 2510 451 2578 profectum
471 2513 783 2568 spiritualem
767 2512 841 2553 vni
860 2512 1037 2553 cuidam
1060 2511 1241 2565 penitus
1264 2526 1311 2553 se
1334 2510 1532 2555 credere
1557 2507 1685 2549 cuius
1704 2520 1823 2561 prae-

201 2571 345 2613 sentia
366 2573 615 2638 plurimum
645 2585 823 2625 semper
852 2578 1104 2612 moueatur.
1140 2571 1217 2611 Est
1248 2577 1397 2611 tamen
1428 2567 1744 2631 periculosum,
1770 2577 1823 2605 ne
1884 2574 1886 2594 1

203 2630 301 2683 quis
331 2631 516 2672 nimium
546 2631 778 2672 afficiatur.
803 2631 956 2673 Ouum
987 2643 1142 2671 omnes
1172 2629 1418 2671 habeamus
1446 2624 1821 2681 imperfectiones,
1886 2666 1887 2688 ἶ

202 2688 288 2740 illo,
324 2691 442 2744 quod
476 2692 640 2731 malum
673 2697 756 2742 est,
794 2688 962 2739 relictO,
997 2702 1050 2730 ea
1081 2702 1195 2741 quae
1223 2688 1342 2729 bona
1376 2693 1480 2728 sunt
1504 2684 1824 2738 amplectamur

203 2757 377 2802 oportet
401 2749 444 2790 in
470 2764 495 2789 x
501 2762 756 2808 noquoque.
784 2747 1032 2811 Sequenda.
1049 2754 1117 2788 est
1140 2744 1439 2787 communitas
1462 2744 1506 2785 in
1531 2756 1707 2792 somno,
1728 2740 1825 2781 cibo
1886 2777 1888 2788 ,

203 2815 246 2849 et
270 2814 398 2862 potu,
423 2816 467 2849 et
490 2802 602 2861 aliis,
631 2806 790 2860 nequis
812 2813 968 2860 postea
991 2804 1139 2846 nimiis
1164 2804 1415 2859 phantasiis
1445 2802 1738 2858 opprimatur.

275 2959 311 2976 00
363 2951 428 2984 Sic
469 2948 684 2993 hispanice,
727 2948 852 2981 latine
884 2946 1131 2992 pedisequus.
1184 2955 1271 2979 -ΡΡ
1298 2944 1434 2979 Italice
1464 2942 1637 2985 baiocco,
1673 2939 1825 2974 moneta

205 2997 405 3042 quondam
425 2997 603 3030 adhibita
622 2995 662 3028 in
682 2997 788 3028 statu
800 2993 1020 3039 pontificio.
