1891 3292
281 204 350 247 716
790 202 978 237 POLANcr
1005 211 1314 238 coMPLEMENTA

236 317 377 351 rense,
410 303 529 355 quod
570 303 796 356 praecario
825 311 870 345 et
893 302 1130 345 incomode
1158 303 1201 344 in
1227 304 1370 346 aliena
1399 304 1531 346 domo
1555 304 1847 358 habitauerat,

235 361 454 415 propriam
479 362 643 404 habere
665 362 867 403 eamdem
891 361 1053 415 coepit,
1081 376 1194 416 quae
1217 364 1322 404 sede
1350 363 1674 417 archiepiscopi
1696 377 1850 407 vacan-

236 428 293 470 te,
318 419 357 459 ei
381 419 603 474 applicata
627 428 670 462 et
694 421 749 462 ab
773 420 1108 474 archiepiscopo
1132 421 1397 462 confirmata
1423 422 1521 472 fuit,
1542 428 1587 464 et
1610 422 1694 462 alia
1716 424 1848 471 conti,-

233 492 323 532 gua
347 486 512 532 empta,
539 487 584 519 vt
607 479 693 519 iam
717 479 878 520 exinde
901 479 1138 521 comodius
1162 480 1363 522 habitare
1385 478 1659 536 coeperi[n]t.

323 548 391 588 52.
460 537 555 579 Sub
594 537 728 579 finem
761 538 863 578 anni
897 539 1192 579 constitutum
1224 545 1292 579 est
1325 547 1368 580 vt
1401 540 1523 592 quod
1558 541 1679 593 prius
1712 539 1850 582 fuerat

231 595 470 650 collegium
501 596 721 643 Veneciis,
749 598 908 638 domus
933 597 1236 650 professorum
1260 597 1402 650 fieret,
1430 597 1677 639 redditibus
1700 605 1846 640 aucto-

231 653 359 696 ritate
383 655 628 708 apostolica
654 655 877 696 translatis
900 655 942 695 in
968 656 1206 709 collegium
1231 656 1508 710 patauinum.

321 722 389 765 53.
461 714 626 755 Eodem
666 721 898 763 autumno,
939 728 1099 755 cursus
1137 715 1298 756 artium
1341 715 1515 756 Patauii
1554 715 1642 769 legi
1680 714 1848 765 solitus,

232 772 425 813 Brixiam
449 773 690 814 translatus
712 780 793 824 est,
818 772 983 813 ibidem
1008 773 1261 824 theologiae
1286 788 1420 815 cursu
1446 781 1672 816 manente.

319 841 387 882 54.
460 831 624 873 Eodem
660 832 838 884 quidam
872 845 926 872 ex
961 831 1125 873 familia
1158 832 1392 887 suggerica
1425 834 1664 882 Augustae
1701 833 1847 874 decem

232 889 364 930 millia
388 890 663 930 florenorum
687 891 825 940 dedit,
853 892 907 931 ad
932 891 1132 933 redditus
1163 905 1240 944 pro
1270 905 1390 931 nouo
1421 891 1612 945 collegio
1641 890 1700 931 ibi
1730 890 1848 932 insti⁴

231 949 398 989 tuendo
422 949 652 1000 emendos,
680 957 723 991 et
748 949 803 991 de
827 949 1108 991 institutione
1132 950 1229 991 eius
1252 964 1303 991 ac
1339 950 1618 1002 fundatione,
1640 949 1756 992 serio
1778 951 1850 1005 agi

231 1017 410 1060 ceptum
437 1015 519 1048 est.

320 1077 390 1118 55.
459 1067 573 1107 Cum
611 1066 867 1120 imperatrix
901 1067 1050 1117 filiam,
1087 1068 1207 1122 regis
1244 1067 1492 1109 Galliarum
1531 1081 1757 1120 sponsam,
1798 1068 1849 1108 ad

231 1138 332 1165 eum
361 1125 570 1173 mitteret,
599 1139 854 1178 magnoque
884 1126 1031 1167 studio
1060 1125 1381 1168 confessarium
1411 1126 1450 1166 ei
1480 1127 1586 1168 dare
1615 1126 1851 1166 contende-

229 1191 294 1223 ret
324 1186 370 1224 P.
401 1184 690 1225 Laurentium
714 1184 929 1237 Magium,
952 1185 1163 1228 Austriae
1187 1184 1524 1240 prouincialem,
1546 1184 1721 1225 interim
1746 1185 1846 1225 dum

230 1242 302 1282 ille
327 1257 380 1283 ex
409 1242 592 1283 Polonia
619 1242 791 1285 redibat
817 1244 866 1284 P.
894 1244 1104 1285 Iacobum
1130 1245 1184 1286 de
1209 1244 1486 1286 Auellaneda
1510 1243 1650 1283 missit
1667 1251 1715 1282 vt
1738 1252 1851 1285 esset

230 1300 347 1341 filiae
372 1316 397 1342 a
419 1302 796 1344 confessionibus.
822 1303 911 1344 Sed
934 1317 1035 1343 cum
1061 1304 1115 1344 ad
1138 1303 1338 1344 confines
1362 1310 1545 1344 ventum
1568 1310 1703 1351 esset,
1740 1301 1848 1355 prin-

231 1359 381 1412 cipum
406 1360 581 1402 Galliae
602 1361 724 1402 iussu
750 1361 932 1402 vlterius
958 1362 1166 1415 progredi
1190 1361 1456 1416 prohibitus,
1483 1361 1640 1414 amplis
1665 1359 1847 1401 muneri-

231 1418 315 1458 bus
351 1433 439 1459 non
476 1419 697 1470 admissis,
734 1419 883 1461 officio
924 1434 1004 1461 suo
1039 1422 1221 1461 functus
1254 1420 1452 1475 egregie,
1489 1421 1532 1461 in
1565 1419 1847 1462 Germaniam

228 1477 373 1518 rediit.

321 1536 389 1588 56.
458 1536 667 1578 Eiusdem
702 1539 758 1579 D.
791 1538 1095 1580 Auellanedae
1125 1552 1257 1592 opera
1286 1538 1341 1578 ad
1369 1538 1630 1579 catholicam
1663 1536 1850 1591 relligio-

230 1608 331 1636 nem
358 1595 493 1649 aliqui
517 1596 671 1649 Spirae
692 1596 932 1648 redierunt,
959 1606 1002 1638 et
1025 1597 1144 1647 alibi;
1170 1605 1213 1638 et
1237 1598 1375 1638 multa
1399 1597 1454 1638 ab
1479 1596 1595 1638 111.ΠΙΟ
1618 1595 1780 1637 comite
1797 1597 1850 1638 de

230 1654 386 1695 Monte
417 1657 581 1703 Acuto,
611 1657 760 1708 legato
790 1655 909 1709 regis
937 1656 1113 1709 P'liilipi>
1139 1670 1192 1697 eo
1221 1663 1499 1709 suggerente
1528 1657 1583 1696 ad
1609 1654 1850 1708 relligionis

227 1713 475 1754 catholicae
501 1714 749 1766 profectum
776 1722 881 1755 sunt
905 1722 1019 1756 acta.

316 1781 385 1823 57.
453 1773 548 1815 Sub
578 1773 681 1813 anni
714 1773 845 1815 finem
881 1775 998 1814 R.m¹¹⁵
1032 1773 1269 1827 episcopus
1304 1772 1646 1827 postnaniensis,
1682 1773 1844 1814 Varsa-
1890 1778 1891 1784 ’

230 1829 347 1870 uiam
382 1830 589 1872 euocauit
625 1840 823 1872 nostrum
881 1832 1093 1873 Austriae
1128 1832 1443 1885 prouincialem
1483 1840 1527 1873 et
1572 1831 1842 1885 viceprouin-

227 1888 400 1940 cialem‚
426 1899 468 1931 et
503 1891 694 1932 confecit
722 1891 1070 1932 instrumentum
1109 1891 1379 1932 fundationis
1416 1905 1467 1932 ac
1491 1890 1733 1931 dotationis
1763 1890 1849 1989 eqo

226 1947 331 2001 legii
367 1948 409 1988 in
435 1963 517 1989 sua
535 1949 734 2003 ciuitate
761 1963 861 1990 cum
882 1964 969 2003 qua
994 1951 1048 1991 de
1067 1949 1153 1991 situ
1173 1964 1224 1991 ac
1244 1949 1596 2011 habitationibus
1619 1959 1661 1992 et
1686 1957 1849 2003 tempo

226 1982 374 2047 dando
403 2016 694 2050 conuenerat.

961 2107 1122 2161 1572

318 2224 352 2253 Ι.
424 2213 587 2254 Vltima
624 2213 695 2255 die
733 2213 1025 2266 Septembris,
1071 2216 1117 2255 Ρ.
1159 2222 1308 2255 noster
1348 2214 1613 2256 Franciscus
1656 2213 1836 2267 Borgia,

225 2280 321 2324 post
369 2272 775 2324 peregrinationem
819 2287 873 2313 ex
906 2273 1158 2314 obedientia
1193 2275 1355 2315 summi
1390 2273 1627 2327 pontificis,
1680 2273 1723 2314 in
1765 2271 1839 2313 Hi-

223 2330 416 2383 spanias,
454 2331 773 2384 Portugalliam
803 2339 847 2371 et
880 2331 1086 2381 Galliam,
1116 2345 1215 2373 cum
1252 2333 1400 2387 legato
1436 2332 1658 2386 pontificis
1694 2332 1840 2372 confe-

224 2398 356 2439 ctam,
393 2396 436 2431 et
476 2404 544 2431 res
580 2391 804 2443 praeclare
837 2390 1066 2443 gestas‚'8
1102 2391 1319 2432 mensium
1351 2392 1505 2432 morbo
1538 2390 1844 2444 conflictatus,

225 2455 395 2498 sancte,
421 2454 468 2487 vt
494 2447 678 2498 vixerat,
704 2448 903 2490 moritur

313 2518 350 2547 2.
424 2506 504 2548 Die
523 2507 726 2559 sequenti
751 2509 799 2549 P.
825 2508 1009 2548 loannes
1032 2507 1086 2548 de
1109 2508 1315 2559 PolanCO,
1341 2508 1415 2562 qui
1439 2508 1678 2549 comitatus
1701 2508 1840 2561 ipsum

225 2566 367 2605 fuerat
405 2573 449 2605 et
489 2568 740 2608 Maceratae
777 2576 990 2620 aegrotus
1029 2567 1304 2617 substiterat,
1342 2569 1503 2609 absens
1543 2567 1585 2607 in
1630 2565 1839 2607 vicarium

224 2624 425 2677 eligitur

312 2695 353 2734 3.
421 2682 728 2736 Congregatio
765 2683 987 2735 generalis
1031 2684 1086 2723 ab
1126 2698 1180 2725 eo
1219 2684 1429 2725 indicitur
1467 2684 1522 2725 ad
1560 2683 1840 2725 vndecimum

222 2740 337 2782 diem
374 2741 539 2795 Aprilis
579 2752 701 2794 1573,
736 2750 779 2783 et
813 2755 994 2796 quoquo
1031 2756 1185 2783 versus
1219 2742 1261 2784 id
1293 2743 1520 2793 scribitur,
1559 2750 1604 2783 vt
1644 2742 1845 2785 Societas

224 2808 546 2854 congregetur.

310 2871 350 2910 4.
419 2860 514 2901 Sub
544 2858 678 2899 finem
712 2858 878 2901 mensis
902 2858 1191 2910 Nouembris,
1217 2860 1403 2902 iubente
1425 2874 1600 2901 summo
1635 2857 1842 2913 pontifice

298 2969 322 2988 ’Β
374 2969 476 3003 Nihil
497 2970 612 3003 habet
633 2981 703 3003 ms.
731 2969 778 3002 de
808 2976 908 3012 1571.
939 2968 1117 3012 Magnam
1143 2969 1226 3014 ejus
1254 2976 1399 3014 partem
1425 2970 1549 3004 abfuit
1567 2970 1687 3004 Roma
1711 2968 1842 3002 Polan-

222 3027 304 3052 cus:
324 3016 376 3050 cf.
398 3028 497 3060 sup,
521 3027 607 3061 pag.
631 3016 708 3058 118,
730 3022 803 3050 etc.
