1891 3292
261 194 327 237 568
753 190 938 224 POLANci
965 194 1282 222 COMPLEMENTA

304 292 557 346 Inscriptio,
591 291 620 345 †
645 291 702 332 Al
727 290 864 331 molto
888 288 999 330 Rdo.
1025 287 1070 329 in
1095 288 1178 329 Χ.Ο
1206 286 1348 328 Padre
1373 293 1540 337 nostrO,
1563 285 1593 326 il
1619 287 1668 326 P.
1697 287 1829 328 Mtro.

217 369 444 412 Euerardo
481 366 779 417 Mercuriano‚
818 364 1040 420 preposito
1075 362 1285 418 generale
1319 362 1433 403 della
1466 360 1746 416 Compagnia
1777 361 1835 405 de

209 446 334 502 Jesu,
362 444 404 485 in
430 445 582 485 Roma.
1337 436 1345 446 ⁰

302 520 458 576 Sigillz·
479 520 738 574 vestigium.

214 669 349 703 stolam
368 665 444 701 diei
463 665 624 710 zogoet„
644 665 692 699 de
711 676 785 711 qua
803 676 930 709 supra,
947 676 984 700 n.
1002 663 1082 707 285,
1101 668 1228 697 annot.
1249 671 1280 706 23
1299 672 1481 707 expresse
1498 672 1589 695 vero
1603 660 1756 704 cognita
1771 670 1834 694 vo-

213 727 361 761 luntate
381 724 623 766 Mercuriani,
645 724 697 758 illi
717 722 1020 757 obsecundatum
1040 734 1060 756 a
1079 722 1260 756 Polanco:

285 785 418 829 «Dopo
437 789 572 828 questa
591 783 723 817 scritta
742 787 781 816 et
800 788 944 816 serrata
969 792 1038 815 son
1058 786 1201 815 venuto
1220 792 1240 814 a
1269 779 1406 825 Napoli
1434 779 1480 813 da
1507 783 1643 824 questa
1671 778 1761 811 villa
1786 777 1834 812 de

215 844 319 889 Capo
343 843 390 877 de
417 842 545 876 Monte
573 853 639 887 per
666 841 831 875 eonferir
858 842 915 875 col
943 841 984 875 P.
1006 840 1206 874 Salmeron
1226 845 1264 873 et
1289 838 1410 873 Padre
1435 837 1671 883 prouinciale
1688 835 1748 870 cio
1765 837 1833 870 che

217 903 262 937 V.
290 902 333 940 P.
360 902 409 935 mi
436 901 588 935 scrisse.
618 901 666 934 Et
692 905 941 945 quantunque
968 899 1075 933 detto
1103 899 1142 932 P.
1173 898 1373 932 Salmeron
1401 896 1598 931 mostrassi
1625 897 1761 930 lettera
1787 894 1833 929 de

216 962 263 997 V.
285 961 328 996 P.
347 960 395 995 de
415 960 458 994 28
477 959 538 994 del
559 964 724 1004 passam,
757 959 847 993 duoi
865 958 902 992 di
922 958 986 1003 pisi
1005 957 1129 992 fresca
1161 958 1231 991 che
1251 958 1286 991 le
1311 956 1386 991 mie
1409 956 1525 1002 (quali
1551 966 1666 989 erano
1690 954 1737 988 de
1763 954 1835 997 26)›

215 1020 314 1055 doue
333 1019 365 1054 si
383 1019 518 1053 diceua
537 1018 640 1052 ch'io
660 1018 782 1063 potrei
802 1017 1034 1051 andarmene
1054 1028 1074 1050 a
1093 1017 1227 1059 Roma,
1248 1027 1290 1050 se
1316 1016 1366 1050 mi
1393 1014 1539 1060 paressi
1564 1014 1705 1055 meglio
1730 1022 1835 1058 poter

215 1078 390 1113 aiutarmi
411 1079 510 1112 nella
529 1076 667 1121 sanita,
687 1077 852 1117 tuttavia
871 1075 1009 1121 perche
1029 1075 1060 1109 si
1079 1075 1244 1109 referiua
1262 1075 1389 1120 quella
1408 1075 1481 1108 alle
1507 1075 1596 1115 mie,
1617 1073 1648 1106 si
1677 1072 1697 1106 ὲ
1715 1070 1836 1116 giudi-

215 1144 301 1172 cato
320 1136 475 1171 douessi
495 1135 531 1169 io
550 1136 791 1170 trattenermi
809 1135 935 1169 alcuni
954 1134 1004 1178 di,
1026 1134 1058 1168 si
1078 1135 1153 1168 ben
1178 1134 1229 1168 mi
1247 1134 1391 1167 ritrouo
1418 1144 1484 1178 per
1504 1134 1537 1166 la
1556 1132 1679 1176 gratia
1697 1130 1744 1164 de
1763 1131 1837 1164 Dio

217 1208 309 1231 sano
329 1202 367 1230 et
386 1196 484 1229 forte
504 1206 569 1240 per
590 1194 765 1228 metermi
786 1195 823 1228 in
843 1194 970 1238 viagio
994 1204 1066 1228 con
1091 1199 1229 1238 questo
1255 1192 1452 1237 procaccio
1476 1192 1546 1225 che
1574 1196 1681 1235 porta
1702 1191 1736 1223 la
1755 1201 1834 1234 pre-

217 1260 341 1297 sente,
362 1260 400 1288 et
419 1255 635 1288 sarebbono
654 1253 718 1298 pin
736 1253 784 1287 de
803 1263 848 1296 40
865 1253 990 1297 giorni
1008 1252 1125 1298 quelli
1144 1252 1215 1285 che
1234 1252 1282 1285 ho
1298 1255 1451 1296 passato
1467 1249 1566 1284 fuori
1584 1249 1631 1283 de
1646 1248 1790 1291 Sicilia,
1810 1247 1835 1283 il

216 1315 328 1360 quale
349 1312 511 1348 termino
531 1312 562 1346 si
581 1318 715 1357 reputa
732 1311 963 1354 sufficiente,
981 1311 1147 1346 secondo
1166 1310 1191 1345 li
1207 1309 1359 1351 medici,
1378 1321 1443 1354 per
1456 1308 1621 1354 guardar
1635 1308 1753 1354 quelli
1767 1308 1835 1342 che

218 1383 397 1415 vengono
415 1371 463 1406 de
484 1378 583 1406 terra
603 1383 624 1405 o
641 1382 729 1405 casa
747 1371 884 1405 infetta
903 1370 951 1404 de
968 1376 1090 1415 peste.
1112 1370 1158 1404 Et
1178 1381 1247 1415 pur
1267 1369 1302 1403 io
1321 1380 1448 1412 vengo
1463 1368 1511 1402 de
1526 1368 1727 1412 Saragosa⁷
1745 1365 1838 1401 citt&

218 1431 434 1474 sanissima,
455 1437 494 1465 et
513 1443 589 1465 non
607 1431 656 1464 ho
675 1432 818 1464 hauuto
838 1432 998 1475 prattica
1017 1441 1057 1463 se
1077 1440 1152 1463 non
1171 1439 1241 1462 con
1260 1434 1378 1472 gente
1398 1428 1514 1461 molto
1534 1438 1638 1470 sana,
1661 1432 1699 1460 et
1718 1426 1835 1460 libera

217 1490 254 1525 di
273 1492 324 1525 tal
345 1491 565 1533 infectione,
587 1495 625 1523 et
643 1490 677 1523 ci
695 1489 816 1523 siamo
835 1488 984 1524 risoluti
1003 1489 1073 1522 che
1092 1487 1233 1533 aspetti
1254 1487 1380 1521 l’altro
1396 1486 1607 1531 procacem,
1628 1492 1665 1520 et
1681 1485 1836 1519 all'hora

218 1541 381 1583 sar'anno
400 1549 425 1584 li
445 1558 489 1592 50
507 1548 545 1583 di
564 1553 689 1591 (come
707 1547 745 1582 di
764 1559 875 1592 sopra
894 1548 942 1581 ho
959 1546 1082 1591 detto)
1101 1547 1172 1580 che
1192 1545 1289 1591 parti
1307 1545 1355 1579 de
1370 1545 1561 1580 Siracusa.
1582 1544 1623 1578 Io
1642 1545 1715 1578 alla
1732 1543 1836 1587 gior-

220 1614 308 1643 nata
335 1609 385 1643 mi
413 1614 522 1642 sento
548 1608 611 1653 piu
638 1606 751 1649 forte,
779 1613 818 1641 et
843 1606 944 1640 delle
970 1607 1110 1650 gambe
1137 1606 1258 1640 libero
1286 1611 1323 1639 et
1349 1604 1524 1650 espedito
1543 1616 1563 1638 3
1587 1604 1756 1638 caminar
1774 1614 1839 1648 per

219 1673 357 1713 queste
375 1668 528 1712 colline,
549 1672 587 1701 et
607 1666 723 1700 andar
742 1672 779 1700 et
800 1671 926 1699 tornat
950 1676 971 1698 a
996 1664 1108 1710 piede
1133 1676 1154 1698 a
1181 1664 1332 1709 Napoli,
1360 1670 1397 1698 et
1424 1675 1490 1708 per
1513 1662 1700 1707 degiunar
1724 1662 1837 1696 etiam

218 1726 370 1772 quando
390 1727 424 1760 10
441 1725 625 1760 comanda
644 1727 679 1759 la
696 1725 838 1767 chiesa,
857 1731 896 1758 et
913 1730 1050 1770 questo
1063 1722 1236 1768 giubileo
1250 1724 1321 1757 che
1336 1722 1604 1767 guadagnamo
1619 1727 1755 1767 questa
1767 1725 1838 1755 set-

219 1785 376 1828 timana,
396 1797 437 1819 se
457 1784 531 1818 Dio
549 1784 631 1819 saria
651 1784 808 1818 seruito.
830 1784 877 1817 Et
892 1794 1001 1817 come
1017 1782 1053 1816 io
1068 1782 1192 1826 soglio
1207 1793 1313 1816 esser
1328 1783 1423 1816 altre
1439 1782 1543 1816 volte
1558 1780 1605 1815 de
1625 1781 1737 1814 facile
1755 1790 1843 1814 con·

221 1846 461 1887 ualeseenza,
490 1843 569 1878 cosi
596 1843 645 1877 mi
669 1843 689 1877 e
717 1842 902 1877 accaduto
928 1842 1007 1888 qui,
1036 1841 1313 1887 specialmente
1341 1840 1378 1875 in
1404 1846 1541 1886 questa
1563 1840 1653 1874 villa
1672 1839 1720 1873 de
1739 1840 1839 1873 buon

221 1916 321 1946 area,
343 1910 380 1937 et
399 1903 495 1948 dopo
514 1903 714 1937 l'hauermi
735 1908 907 1947 purgato.
930 1902 977 1935 Et
998 1913 1040 1935 se
1058 1901 1224 1935 tuttavia
1242 1900 1388 1946 paressi
1407 1911 1428 1934 a
1447 1900 1494 1936 V.
1515 1900 1556 1935 P.
1578 1900 1649 1933 che
1676 1899 1725 1932 mi
1744 1897 1840 1932 deuo

220 1967 407 1997 trattener
426 1962 523 1996 fuori
541 1962 589 1995 de
607 1962 726 1995 Roma
748 1962 823 2005 piu,
845 1959 953 2006 potro
972 1959 1066 1995 farlo
1086 1961 1123 1994 in
1143 1960 1336 2003 Frascata‚
1357 1964 1396 1992 et
1414 1958 1494 1993 cosi
1514 1957 1718 2004 preueniro
1738 1958 1762 1991 li
1784 1967 1843 1990 ac-

220 2021 363 2056 cidenti
391 2022 460 2055 che
486 2022 726 2065 potrebbono
751 2031 964 2061 occorrere,
985 2031 1060 2053 non
1079 2020 1160 2053 solo
1179 2018 1227 2052 de
1245 2018 1436 2062 guastarsi
1463 2019 1498 2052 le
1523 2017 1664 2059 strade,
1686 2028 1746 2050 ma
1766 2027 1840 2050 ser·
1890 2042 1891 2062 ἢ

219 2080 315 2114 rarsi
334 2080 361 2114 li
380 2078 482 2124 passi
509 2079 556 2113 de
576 2079 696 2113 Roma
715 2091 734 2113 a
751 2079 901 2123 Napoli,
929 2090 1004 2112 non
1033 2077 1172 2122 perche
1201 2077 1235 2111 ci
1262 2077 1317 2110 sia
1341 2076 1406 2122 qui
1425 2077 1537 2111 alcun
1565 2081 1752 2121 sospettO,
1782 2085 1838 2109 ma
1890 2068 1891 2094 1

221 2138 360 2184 perche
379 2137 540 2172 facendo
558 2137 740 2172 difficolta
760 2137 797 2171 di
816 2137 862 2181 13,
885 2147 1047 2171 vorrano
1066 2136 1165 2170 forsa
1183 2136 1327 2180 pagarli
1346 2134 1410 2181 qui
1426 2136 1526 2170 nella
1542 2134 1752 2169 medesirna
1767 2144 1839 2168 mo·

223 2203 324 2240 neta,
345 2202 419 2230 etc.
442 2196 488 2232 V.
512 2196 551 2231 P.
572 2196 603 2229 si
622 2195 738 2240 degni
757 2195 860 2229 darei
879 2206 947 2229 sua
967 2194 1217 2229 beneditione
1236 2194 1270 2228 al
1290 2192 1441 2228 fratello
1459 2193 1654 2228 Giovanni
1669 2193 1784 2228 Saluo
1802 2197 1838 2226 et

223 2268 283 2290 me
302 2267 368 2301 per
387 2256 411 2289 il
430 2256 563 2289 sabato
580 2260 781 2300 sequente,
802 2261 841 2288 et
858 2253 883 2287 il
904 2253 1054 2288 fratello
1073 2253 1223 2298 Philipo
1242 2252 1402 2297 Malgier
1428 2251 1589 2287 lasciero
1607 2252 1686 2298 qui,
1708 2251 1839 2286 insin'a

219 2321 325 2350 tanto
343 2315 414 2349 che
434 2313 576 2356 venghi
595 2314 756 2359 risposta
778 2313 826 2347 de
845 2313 891 2347 V.
912 2313 971 2357 R,
991 2324 1033 2346 se
1054 2313 1141 2346 vole
1160 2312 1233 2345 che
1251 2310 1344 2345 resti
1369 2312 1407 2346 in
1428 2312 1579 2357 Napoli‚
1609 2311 1707 2345 doue
1735 2308 1841 2345 vdiralt,

220 2374 255 2408 la
274 2372 479 2417 theologia.
499 2361 530 2406 E
549 2383 709 2417 persona
727 2373 798 2406 che
818 2372 1005 2416 potrebbe
1024 2371 1148 2405 seruir
1174 2372 1211 2406 in
1238 2382 1312 2406 vna
1338 2371 1480 2414 schola,
1510 2378 1547 2405 et
1576 2371 1613 2405 in
1641 2371 1764 2404 aiutar
1792 2380 1839 2403 vn

223 2438 454 2478 procurator;
475 2438 514 2466 et
532 2432 628 2466 vditi
646 2431 724 2465 casi
742 2430 789 2464 de
807 2431 1048 2467 conscienza.
1071 2441 1138 2473 per
1161 2430 1371 2472 confessar,
1400 2434 1475 2466 etc.
1502 2439 1522 2463 2
1547 2429 1594 2463 de
1621 2429 1840 2464 Nouembre

229 2491 329 2536 1576.
351 2491 456 2525 Idem
475 2502 610 2525 seruus
629 2496 667 2524 et
685 2489 799 2532 filius,
823 2488 924 2534 †Jo.
946 2488 993 2522 de
1014 2489 1192 2524 Polanco.
1213 2490 1263 2533 †»
