1891 3292
523 223 839 259 EPHEMERmEs
848 224 1123 269 —Nov.1557
1527 231 1592 267 611

19 328 130 372 illius
151 325 426 367 voluntatem
450 322 814 376 expenderentur
837 327 1002 368 omnia.
1032 328 1161 369 lussit
1185 329 1316 370 etiarn
1343 338 1388 371 vt
1414 331 1641 385 Vigliano-

21 402 74 431 ua
95 390 262 429 emeret
286 397 365 437 pro
387 381 579 436 collegio
603 383 863 435 germanico
887 399 1093 436 granum.

108 455 159 496 14
181 440 454 486 Nouembris
477 440 670 482 ordinati
696 449 800 482 sunt
820 445 1093 497 saceizdotes
1115 446 1329 499 magister
1353 449 1570 492 Ledesma
1588 466 1642 493 ex

19 502 206 558 collegio
239 499 496 550 Societatis;
539 501 600 542 M
643 500 834 541 Ioannes
874 503 1074 557 Baptista
1107 482 1387 560 florentinus,
1424 509 1560 563 domi3
1601 518 1644 552 et

19 561 316 612 Christianus,
339 573 393 601 ex
417 558 609 613 collegio
629 561 905 624 germanico.

109 630 157 674 15
179 619 315 661 huius
335 620 481 665 factus
498 624 567 660 est
585 617 789 660 minister
810 640 832 659 ι
813 620 987 673 ollegii
1008 622 1180 663 romani
1205 624 1252 664 Ρ
1276 624 1493 678 Baptista,
1516 628 1647 669 modo

21 681 179 725 dictus.
204 679 335 732 I[s]tis
353 677 514 719 diebus
529 685 807 731 acceperunt
826 678 941 720 serio
959 680 1092 721 corde
1113 682 1165 722 R.
1189 682 1343 724 Patres
1361 685 1499 725 nostri
1516 687 1649 728 colle-

22 739 82 797 gii
104 736 353 795 germanici
373 735 576 791 negotia,
601 744 649 776 vt
672 736 782 777 illud
805 752 828 777 a
853 737 1015 779 debitis
1038 739 1301 792 eximerent3
1324 741 1494 784 iussum
1517 746 1648 786 etiam

23 806 102 850 est,
131 805 178 840 ut
202 797 452 838 orationem
480 795 681 837 facerent
711 796 887 847 fratres,
915 805 958 839 et
988 811 1219 851 speramus
1247 814 1321 854 per
1354 802 1434 843 Dei
1460 804 1648 857 gratiam

24 866 139 901 recte
164 855 290 899 fore
281 870 386 897 lam.
735 881 745 901 ,
1084 874 1087 880 λ

111 927 160 968 Ι7
183 915 318 957 huius
341 914 465 957 dedit
499 922 653 954 noster
684 913 736 953 R.
767 914 817 954 P.
846 914 1085 957 Cornelius
1114 916 1268 958 Vltima
1299 917 1370 959 illa
1399 920 1517 974 scrip
1524 929 1564 961 ta
1596 921 1651 963 de

23 974 315 1030 conceptione
331 974 496 1015 beatae
513 971 703 1025 virginis
723 972 907 1025 Mariae,
929 973 971 1014 in
998 974 1162 1027 quibus
1179 975 1357 1018 dicebat
1375 979 1486 1020 velle
1491 935 1649 1021 pDeum

25 1035 352 1077 immaculatam
383 1034 436 1075 Β.
470 1031 676 1086 Virginis
699 1006 1044 1086 conceptionem
1070 1048 1188 1075 nouo
1217 1037 1409 1088 quodam
1440 1037 1654 1079 miraculo

25 1093 304 1137 confirmare.
344 1091 535 1141 Perfice,
569 1089 762 1132 Domine
796 1092 937 1142 Deus,
974 1094 1094 1145 quod
1125 1095 1365 1136 maximum
1396 1103 1463 1138 est
1493 1096 1536 1137 in
1568 1098 1653 1139 hoc

26 1152 205 1208 negotio
230 1166 307 1206 pro
326 1150 471 1206 gloria
495 1158 572 1191 tua
595 1158 638 1191 et
664 1149 802 1191 totius
819 1151 1038 1192 ecclesiae
1062 1159 1165 1194 tuae
1184 1160 1367 1196 sanctae
1386 1155 1651 1197 aedificatio-

26 1215 94 1256 ne!
122 1212 243 1254 Idem
269 1213 354 1252 hoc
378 1209 530 1251 multis
554 1208 650 1250 aliis
673 1209 804 1251 valde
822 1210 1105 1252 confidenter
1124 1212 1250 1262 dixit,
1272 1212 1378 1253 mihi
1403 1221 1552 1256 autem
1569 1215 1653 1258 cla-

27 1270 211 1320 rissime,
244 1282 302 1323 24
334 1269 487 1319 huius,
530 1268 672 1322 pridie
709 1269 831 1311 Stae.
870 1269 1143 1312 Catharinae
1182 1271 1386 1325 virginis,
1421 1273 1576 1316 dicens
1608 1289 1655 1316 se

27 1330 171 1373 omnia
195 1330 270 1371 illa
293 1329 349 1371 de
372 1327 671 1382 conceptione
703 1329 752 1369 B.
781 1327 983 1381 Virginis
1011 1343 1113 1370 cum
1145 1330 1375 1372 intellectu
1404 1332 1649 1386 scripsisse3

28 1396 319 1434 veruntamen
343 1401 392 1442 13
410 1386 699 1439 Nouembris,
717 1401 857 1440 quum
873 1388 917 1430 in
933 1388 1130 1441 collegio
1153 1390 1338 1430 fratrum
1363 1392 1650 1445 co[n]ffessio-

29 1464 104 1493 nes
125 1448 318 1502 audiret,
345 1447 475 1490 valde
499 1460 710 1501 magnam
735 1446 1079 1490 illustrationem
1104 1462 1151 1490 se
1175 1449 1402 1502 accepisse
1424 1450 1466 1490 in
1484 1451 1654 1493 intelle-

28 1516 116 1560 ctu,
144 1508 267 1562 quod
290 1506 388 1550 sine
410 1507 586 1549 macula
609 1514 831 1561 concepta
860 1513 979 1548 esset
1008 1507 1139 1548 beata
1169 1507 1299 1562 virgo
1334 1509 1488 1561 Maria,
1516 1511 1655 1563 quod-

29 1582 113 1623 que
135 1567 180 1609 in
204 1567 322 1608 illius
345 1565 691 1608 confirmatione
716 1565 841 1607 Deus
871 1565 1143 1610 liberaturus
1175 1574 1293 1609 esset
1322 1569 1565 1620 obsessam,
1590 1578 1656 1610 vt-

31 1642 114 1683 que
136 1626 268 1668 simul
291 1626 389 1671 aliis
412 1624 592 1680 scriptis
626 1623 898 1679 adiungeret
927 1625 1037 1666 illud
1068 1626 1240 1679 psalmi:
1273 1626 1524 1668 Adiuuabit
1558 1642 1655 1669 eam

31 1688 150 1730 Deus
173 1701 305 1729 mane
327 1685 543 1736 diluculo;
566 1685 691 1727 Deus
714 1683 757 1725 in
779 1684 925 1726 medio
944 1684 1057 1735 eius,
1079 1699 1167 1725 non
1193 1686 1567 1729 commouebitur.
1591 1688 1657 1729 [n-

31 1746 154 1789 terim
177 1753 327 1788 tamen
352 1744 532 1786 dicebat
555 1743 805 1785 humillime
823 1752 867 1786 et
886 1744 1013 1785 valde
1032 1744 1150 1786 clare
1169 1751 1307 1798 atque
1326 1746 1568 1800 resignate,
1596 1746 1657 1787 ni—

31 1805 91 1847 hil
118 1820 166 1848 se
197 1805 267 1846 uel
297 1804 532 1845 minimum
562 1802 607 1843 in
637 1804 722 1844 hac
756 1817 802 1846 re
837 1803 1077 1856 facturum,
1105 1803 1225 1856 quod
1261 1818 1351 1844 non
1385 1805 1659 1847 consentiret

31 1865 328 1918 vndequaque
360 1877 464 1905 cum
495 1869 650 1905 sancta
679 1862 954 1912 obedientia,
992 1876 1125 1916 quam
1160 1877 1335 1917 semper
1370 1862 1415 1904 in
1454 1864 1662 1905 omnibus

33 1923 124 1966 istis
145 1938 261 1977 quae
285 1922 501 1964 vilissimo
524 1935 658 1965 seruo
682 1935 765 1962 suo
795 1921 995 1963 indicare
1025 1921 1242 1976 dignatur
1272 1922 1509 1976 Dominus,
1536 1938 1659 1978 prae-

35 1983 260 2026 ferendam
300 1981 548 2024 iudicabat.
576 1981 787 2022 Addebat
810 1980 944 2021 etiam
968 1995 1156 2035 magnas
1180 1981 1263 2022 sibi
1288 1996 1342 2023 ex
1367 1982 1454 2022 hoc
1480 1982 1662 2037 negotio

37 2042 344 2084 tribulationes
362 2043 478 2084 forte
497 2040 747 2094 imminere,
771 2039 980 2094 quamuis
998 2048 1147 2082 tamen
1166 2055 1398 2094 nunquam
1424 2041 1512 2083 falli
1530 2045 1659 2094 solet,

37 2101 213 2156 quando
243 2115 346 2142 cum
382 2099 644 2141 huiusmodi
677 2100 974 2141 illustratione
1008 2099 1264 2141 intellectus
1298 2100 1400 2142 talia
1433 2101 1556 2143 dedit
1588 2101 1662 2142 ali-

38 2161 212 2215 quando
236 2173 517 2213 cognoscere
542 2161 683 2210 Deus,
710 2159 826 2200 sicut
849 2158 1042 2213 contigit
1065 2159 1121 2201 de
1152 2160 1201 2201 R.
1234 2161 1283 2201 P.
1312 2160 1496 2202 Andrea
1522 2161 1661 2201 Phru-

39 2220 116 2271 sio,
142 2219 329 2263 muliere
353 2233 536 2260 romana
560 2217 766 2274 grauida,
793 2226 836 2259 et
861 2217 957 2259 aliis
981 2218 1134 2259 multis
1155 2219 1427 2272 frequenter.

125 2291 179 2321 20
202 2278 338 2321 huius
360 2292 517 2320 omnes
540 2279 707 2320 classes
736 2278 961 2319 scolarum
991 2277 1035 2318 in
1071 2277 1263 2332 collegio
1293 2286 1539 2332 coeperunt
1569 2292 1665 2320 esse

41 2337 159 2390 foris,
186 2345 322 2392 atque
345 2338 405 2379 ita
428 2337 660 2379 occlusum
685 2344 753 2378 est
770 2337 1013 2391 collegium
1036 2338 1237 2387 fratrum,
1259 2344 1306 2377 vt
1328 2338 1480 2378 nullus
1503 2338 1666 2379 intrare

43 2405 203 2452 posset;
229 2404 275 2440 et
297 2397 334 2439 si
356 2397 457 2451 quis
480 2397 616 2440 vellet
639 2410 742 2438 cum
766 2397 908 2438 altero
941 2395 1080 2449 loqui,
1107 2397 1226 2437 foras
1256 2396 1440 2437 deberet
1469 2396 1662 2450 prodire.

129 2469 178 2499 21
201 2456 338 2499 huius
361 2468 405 2498 et
429 2455 724 2511 sequentibus
743 2456 966 2510 agebatur
983 2456 1039 2497 de
1062 2455 1272 2509 dispensa
1296 2463 1340 2497 et
1357 2455 1458 2496 villa
1476 2469 1593 2496 noua
1612 2468 1666 2496 ex

0 2529 2 2534 ⁸
45 2516 232 2571 collegio
253 2515 531 2571 germanico.

0 2587 1 2628 j
130 2587 183 2629 23
208 2575 343 2616 huius
365 2582 613 2629 coeperunt
640 2575 798 2628 fratres
831 2573 920 2614 bini
953 2573 1183 2627 disputare
1212 2579 1256 2614 et
1286 2579 1488 2627 repetere
1511 2572 1668 2614 lectio-

0 2649 3 2663 »
47 2649 144 2677 nem
167 2635 211 2676 in
234 2635 379 2677 classe
402 2634 674 2689 theologiae.

132 2705 188 2746 24
211 2694 347 2735 huius
371 2694 552 2735 locutus
574 2700 642 2736 est
665 2692 808 2758 primo
832 2693 988 2733 doctor
1014 2690 1185 2733 Madrid
1216 2704 1317 2732 cum
1342 2691 1402 2732 M.
1431 2690 1673 2731 Theodoro

0 2771 7 2796 .’
48 2752 101 2793 de
129 2753 252 2795 abitu
283 2767 386 2795 cum
417 2753 611 2806 quodam
641 2752 852 2807 episcopo
891 2751 1010 2801 italo;
1056 2752 1210 2792 Patres
1250 2756 1397 2790 tamen
1436 2749 1675 2791 Societatis

50 2825 220 2867 semper
243 2811 478 2854 habituros
499 2826 653 2854 curam
678 2812 811 2862 illius,
838 2785 1010 2852 etiarnsi
1036 2809 1182 2850 minus
1205 2808 1277 2849 illa
1299 2807 1498 2849 conditio
1521 2822 1674 2851 succe-

51 2870 186 2913 deret.
213 2873 312 2926 Ipse
335 2885 444 2913 uero
467 2871 696 2926 respondit
719 2885 767 2913 se
789 2870 835 2910 in
859 2869 1068 2910 omnibus
1091 2868 1187 2909 istis
1204 2867 1315 2909 velle
1338 2866 1464 2920 sequi
1492 2868 1672 2908 Patrum

52 2930 285 2972 Societatis
308 2930 565 2972 consilium
605 2930 781 2973 Deinde
805 2939 858 2981 25
885 2928 1037 2977 huius,
1063 2927 1160 2981 ipso
1188 2927 1235 2969 S.
1263 2925 1537 2969 Catharinae
1559 2926 1676 2968 circa

53 3002 286 3044 uesperum
325 2997 511 3031 vocatus
548 2996 632 3032 est.
676 2989 759 3030 luit
799 2987 1065 3030 Theodorus
1099 2987 1279 3027 domurn
1320 2986 1374 3026 ad
1418 2985 1675 3040 episcopum

55 3046 192 3102 illum,
219 3056 437 3091 statutum
462 3055 529 3091 est
553 3055 601 3089 ut
625 3046 831 3102 sequenti
855 3061 957 3087 mox
980 3045 1051 3087 die
1082 3044 1454 3099 proficisceretur.
1485 3044 1677 3095 Placuit,
