1891 3292
272 198 340 235 090
777 193 958 225 POLANCJ
988 199 1302 225 COMPLEMENTA

228 296 416 335 Demum
441 292 537 334 sine
559 291 770 333 didactris
793 292 990 333 oblatum
1016 291 1258 332 admissum
1284 298 1366 340 est,
1392 299 1437 332 vt
1462 306 1602 346 vsque
1624 293 1680 334 ad
1702 295 1846 337 rheto-
1890 328 1891 334 ,

226 352 360 393 ricam
384 352 614 401 docerent,
640 351 803 392 additis
827 350 1095 404 quibusdam
1114 349 1467 391 conditionibus.

312 420 381 463 35.
449 411 550 451 Hoc
574 411 664 451 fere
690 418 908 463 tempore,
935 415 1212 464 suggerente
1236 416 1524 462 procuratore
1548 424 1573 450 a
1596 422 1842 465 congrega·
1890 429 1891 438 ¹

225 468 344 510 tione
376 468 639 523 prouinciali
668 482 852 509 romana
881 468 1045 518 electo,
1073 475 1241 508 mutata
1273 474 1341 509 est
1371 467 1482 509 ratio
1510 468 1848 520 gubernationis

225 529 406 579 Romae,
433 535 477 569 et
500 527 675 568 sublata
699 526 966 569 auctoritate
989 526 1402 581 superintendentis
1425 526 1603 580 collegii
1628 528 1846 581 germani-

220 586 273 638 ci,
297 586 466 629 scilicet
504 587 558 627 D.
586 586 773 637 ToledO,
799 592 842 627 et
869 587 917 627 P.
960 584 1165 635 Dionisii,
1193 584 1395 634 rectoris,
1422 592 1465 625 et
1491 585 1636 627 Patris
1661 587 1846 629 Benedi-

219 644 294 696 cti,
340 645 415 698 qui
461 644 837 685 tribus·romanis
875 643 1078 696 collegiis
1103 651 1321 697 praeerat,
1360 643 1654 684 constitutum
1699 652 1765 685 est
1803 654 1847 688 vt

223 705 272 746 P.
315 704 624 758 Hieronymus
662 706 894 745 Domenec
927 703 1010 744 sub
1043 709 1337 752 autumnum,
1372 703 1641 756 perfunctus
1674 703 1850 747 Siciliae

221 762 562 816 prouincialatu‚
588 768 733 804 rector
756 761 928 803 romani
950 761 1130 816 collegii
1154 761 1297 811 fieret;
1326 760 1616 814 prouincialis
1642 776 1849 805 romanus

219 820 309 875 (qui
333 835 455 862 nunc
480 823 615 864 Pater
638 821 794 862 doctor
820 820 1076 874 Rodriguez
1106 822 1192 872 est)
1218 819 1427 860 omnibus
1455 820 1566 861 locis
1591 821 1847 874 prouinciae

217 881 412 934 (praeter
435 880 618 921 domum
641 880 913 934 professam,
940 879 1069 920 cuius
1093 877 1375 932 praepositus
1405 879 1629 933 generalis
1651 879 1746 933 ipse
1768 881 1846 937 est)

216 946 478 993 praeessent
503 938 620 994 [sie-L
648 946 694 979 vt
716 938 761 979 in
785 938 882 980 aliis
905 937 1150 992 prouinciis
1173 938 1237 979 fit.

307 998 375 1050 36.
444 997 618 1039 Ciuitas
646 998 879 1050 spoletana
908 1011 1009 1038 cum
1041 996 1252 1050 episcopo
1281 995 1464 1050 litteris,
1491 1002 1535 1037 et
1564 996 1653 1037 duo
1677 996 1846 1040 nobiles

217 1057 355 1098 verbo
377 1065 572 1111 egerunt
595 1057 712 1098 serio
734 1057 789 1098 de
811 1055 1003 1109 collegio
1033 1056 1268 1108 Spoletum
1292 1055 1571 1106 inducendo,
1596 1056 1845 1099 necessaria

216 1129 294 1169 pro
325 1126 379 1156 20
430 1115 631 1169 personis
660 1116 891 1157 offerendo
920 1115 964 1155 in
999 1114 1270 1166 redditibus,
1299 1114 1464 1167 quibus
1488 1120 1636 1156 tamen
1667 1128 1735 1155 res
1761 1129 1845 1157 non

213 1180 280 1216 est
304 1188 536 1224 concessa,
564 1175 643 1216 sed
666 1174 711 1214 in
730 1174 849 1216 aliud
875 1183 1052 1226 tempus
1076 1173 1256 1214 reiecta.

302 1244 373 1286 37.
440 1234 597 1275 Abbas
620 1234 666 1276 S.
694 1233 931 1283 Solutoris,
953 1231 1081 1273 ducis
1104 1230 1359 1274 Sabaudiae
1376 1231 1571 1285 legatus,
1594 1230 1705 1272 Iulio
1724 1246 1842 1274 men-

213 1306 260 1333 se
284 1306 353 1334 me
377 1292 600 1333 allocutus
629 1299 712 1341 est,
740 1298 784 1333 et
812 1306 938 1333 suam
969 1291 1163 1331 abatiam
1194 1290 1357 1331 obtulit
1382 1304 1461 1343 pro
1490 1289 1686 1344 collegio
1712 1291 1842 1337 tauri7
1890 1325 1891 1328 ,

216 1350 359 1401 nensi,
385 1357 429 1392 et
452 1350 586 1392 situm
612 1365 689 1405 pro
713 1351 902 1393 ecclesia
924 1349 1201 1391 aedificanda
1224 1356 1487 1391 curaturum
1507 1363 1554 1390 se
1577 1356 1620 1389 vt
1644 1363 1666 1389 a
1691 1348 1842 1392 ciuita-

216 1416 257 1450 te
280 1410 540 1463 donaretur‚
567 1417 611 1451 et
636 1417 682 1449 vt
707 1422 789 1462 300
815 1420 855 1455 V
882 1408 1074 1461 singulis
1093 1407 1223 1449 annis
1246 1423 1270 1448 a
1288 1408 1403 1448 duce
1422 1407 1710 1460 adderentur,
1734 1421 1843 1461 quae

212 1474 400 1522 Vtraque
423 1468 467 1509 in
498 1469 910 1522 compensationem
946 1469 1059 1508 situs
1088 1468 1308 1507 bonorum
1339 1465 1597 1508 monasterii
1620 1467 1838 1518 subuersi,

209 1527 265 1567 ad
289 1540 436 1568 arcem
460 1527 788 1569 aedificandam
812 1528 1094 1569 debebantur
1124 1526 1274 1567 abbati
1305 1526 1351 1568 S.
1379 1525 1623 1575 Solutoris,
1650 1525 1778 1567 cuius
1799 1533 1841 1568 et

211 1586 403 1627 duorum
428 1586 651 1627 sociorum
675 1600 861 1640 corpora
887 1593 1042 1626 sancta
1066 1585 1243 1626 volebat
1269 1583 1410 1626 teneri
1434 1583 1476 1624 in
1500 1584 1690 1626 ecclesia
1713 1583 1839 1626 fabri-

213 1645 373 1696 canda,
405 1652 448 1687 et
472 1645 621 1687 statim
652 1646 831 1687 volebat
861 1644 1104 1699 collegium
1139 1643 1225 1684 frui
1260 1642 1512 1685 redditibus
1541 1642 1717 1685 abatiae
1741 1657 1840 1685 cum
1886 1660 1888 1662 ’

210 1716 347 1744 onere
366 1703 647 1757 expendendi
666 1705 751 1745 600
770 1718 929 1746 aureos
947 1703 1138 1757 singulis
1156 1702 1285 1744 annis
1309 1702 1351 1742 in
1382 1701 1710 1744 edificationem
1736 1710 1839 1744 tem-

213 1761 286 1815 pli.
315 1763 355 1803 A
383 1763 456 1804 Re
479 1763 694 1805 Generali
723 1763 891 1803 oblatio
922 1769 990 1804 est
1020 1761 1216 1803 admissa
1245 1774 1347 1802 cum
1372 1760 1551 1801 actione
1579 1760 1838 1813 gratiarum,

209 1828 253 1862 et
276 1821 348 1874 agi
383 1829 564 1875 ceptum
598 1823 655 1864 de
684 1822 781 1876 ipso
810 1822 941 1862 simul
975 1835 1078 1862 cum
1109 1820 1294 1861 domino
1324 1820 1538 1862 Aleramo
1569 1820 1760 1872 Becuto‚
1784 1819 1837 1869 ,in

210 1879 491 1922 fundatorem
518 1880 787 1923 taurinensis
811 1879 1023 1935 collegi[i]
1050 1879 1344 1929 admit-tendo,
1371 1892 1473 1919 curn
1498 1878 1742 1932 negocium
1766 1893 1836 1933 ap-

210 1938 462 1992 plicationis
485 1940 622 1994 (quod
646 1941 701 1980 ad
725 1954 773 1982 se
798 1939 1040 1993 receperat)
1064 1946 1182 1980 esset
1207 1944 1500 1979 transactum.

300 1997 369 2050 38.
438 1999 552 2040 Cum
577 1997 719 2051 pridie
747 1998 960 2040 calendas
990 1998 1085 2039 Iulii
1115 2011 1294 2037 sumum
1327 1996 1585 2050 pontificem
1611 1995 1833 2048 adiissem,

207 2055 338 2096 simul
362 2070 464 2097 cum
493 2059 565 2098 pe
589 2057 788 2106 Canisio
814 2056 1037 2098 concessit
1060 2064 1103 2097 vt
1134 2058 1181 2097 P.
1217 2054 1479 2097 Ludouicus
1501 2055 1747 2119 Gonrgfflez,
1774 2069 1834 2097 re

207 2114 276 2168 gis
303 2116 607 2169 Portugalliae
636 2115 960 2165 confessarius,
994 2116 1142 2156 dicere
1171 2114 1439 2155 sententiam
1473 2128 1599 2155 suam
1634 2114 1677 2154 in
1702 2128 1833 2156 causa

206 2173 441 2228 sanguinis
464 2178 508 2227 (a
532 2189 638 2228 rege
663 2174 781 2216 enim
806 2174 1074 2228 interrogari
1098 2173 1277 2214 solitum
1302 2172 1503 2215 audierat
1526 2188 1549 2214 a
1574 2172 1718 2226 nobis)
1741 2173 1834 2215 sine

206 2232 551 2286 irregularitatis
580 2242 683 2275 nota
715 2241 884 2287 posset,
916 2233 1161 2273 dummodo
1191 2231 1429 2273 consilium
1461 2231 1572 2272 citra
1602 2240 1831 2285 peccatum
1887 2251 1891 2271 ι

205 2292 392 2333 mortale
415 2293 598 2334 daretur
616 2293 685 2334 vel
710 2292 932 2334 sententia
956 2292 1272 2345 explicaretur.

295 2363 366 2406 39.
432 2352 603 2393 Eodem
626 2351 697 2393 die
720 2351 1005 2392 confirmauit
1025 2351 1144 2404 quod
1165 2349 1286 2404 prius
1309 2356 1594 2391 concesserat
1612 2350 1668 2390 de
1691 2349 1743 2391 iis
1761 2348 1834 2402 qui
1887 2362 1891 2371 ·

203 2422 227 2449 a
251 2410 478 2452 Societate
501 2418 653 2451 nostra
675 2410 720 2450 in
745 2410 1032 2452 Carthusiam
1059 2409 1246 2450 transire
1269 2408 1451 2457 vellent,
1476 2415 1521 2448 vt
1543 2407 1713 2450 scilicet
1736 2421 1830 2462 pos·
1888 2439 1889 2442 η

203 2476 303 2510 sent
327 2482 404 2522 per
427 2469 627 2523 quinque
650 2470 720 2511 vel
744 2483 820 2511 sex
845 2483 1022 2511 menses
1046 2484 1070 2509 a
1095 2467 1258 2508 nostris
1276 2466 1482 2520 detineri,
1505 2473 1548 2507 vt
1572 2467 1747 2520 probari
1767 2466 1828 2507 in-

205 2526 333 2568 terim
359 2535 529 2581 posset,
562 2543 618 2569 an
647 2528 830 2581 spiritus
860 2528 934 2569 ille
962 2542 1016 2569 ex
1049 2529 1144 2568 Deo
1173 2532 1312 2576 esset,
1345 2540 1428 2568 nec
1458 2541 1528 2568 ne.
1564 2527 1666 2569 Alia
1699 2525 1827 2568 etiarn
1886 2557 1890 2578 2

206 2599 293 2625 non
325 2585 437 2628 leuis
466 2587 680 2629 momenti
709 2587 764 2628 de
793 2586 1063 2629 Germaniae
1092 2594 1136 2628 et
1158 2584 1331 2627 Galliae
1356 2585 1490 2626 rebus
1513 2591 1701 2627 tractata
1734 2585 1823 2626 fue-

204 2651 325 2685 runt.
941 2660 945 2664 ’

288 2715 359 2755 40.
427 2703 511 2746 Die
542 2716 586 2745 ΙΙ
614 2703 710 2744 Iulii
735 2703 926 2745 adiimus
949 2703 1081 2745 iidem
1107 2716 1283 2743 sumum
1326 2701 1599 2755 pontificem3
1626 2708 1670 2743 et
1693 2701 1827 2741 multa

201 2760 313 2802 dixit
331 2762 532 2816 apposite
559 2765 609 2805 P
636 2762 846 2804 Canisius
869 2763 924 2804 de
949 2762 1154 2805 remediis
1177 2760 1445 2802 adhibendis
1468 2761 1760 2812 Germaniae3
1785 2766 1827 2801 et

202 2820 459 2863 memoriale
482 2835 635 2863 eorum
661 2821 860 2875 reliquit3
892 2821 1007 2863 inter
1036 2827 1214 2863 coetera
1244 2826 1393 2860 autem
1418 2818 1462 2859 id
1486 2818 1652 2874 placuit
1681 2820 1728 2861 S.
1756 2818 1803 2860 S.
1808 2821 1828 2841 ²¹
1886 2819 1891 2845 Ἰ

200 2885 247 2918 vt
269 2878 313 2919 in
336 2881 621 2922 cathedrales
643 2880 854 2922 ecclesias
879 2894 1009 2921 nemo
1032 2879 1358 2927 admitteretur,
1387 2877 1471 2918 nisi
1495 2878 1569 2931 qui
1593 2877 1696 2919 fidei
1720 2890 1821 2931 pro·
1887 2891 1891 2898 ²

200 2937 439 2980 fessionem
467 2938 586 2993 prius
611 2939 789 2981 fecisset
813 2939 935 2980 iuxta
959 2939 1190 2980 formulam
1213 2935 1279 2978 Pii
1305 2950 1443 2989 papae
1467 2937 1558 2979 1111.
1589 2935 1761 2978 Placuit
1783 2939 1825 2976 et

199 2995 273 3049 agi
297 2996 413 3038 serio
436 2997 492 3041 de
515 2997 754 3039 seminario
782 3012 1098 3052 germanorum
1122 3003 1165 3038 et
1195 2994 1628 3049 septentrionalium,
1657 2996 1822 3037 Romae
