1953 3333
270 260 315 294 90
773 244 960 279 POLANCI
987 251 1305 278 COMPLEMENTA

219 363 338 391 mero
360 349 402 390 di
431 347 530 389 tutti
564 345 701 400 quelli
726 346 809 385 che
833 343 879 385 ui
901 343 937 384 si
961 352 1150 384 trouano
1175 342 1197 385 ὲ
1221 343 1263 383 di
1291 354 1392 395 2403
1420 356 1444 384 e
1467 344 1532 385 fra
1555 345 1649 386 loro
1673 344 1744 386 de'
1772 358 1848 386 no-

218 425 293 466 stri
318 426 400 466 che
433 423 682 477 gl’aiutano
707 421 778 462 nel
802 433 1003 474 gouerno
1026 429 1069 460 et
1094 419 1165 459 nel
1190 426 1324 469 resto,
1353 419 1424 462 26:
1453 419 1481 460 li
1499 420 1657 462 scolari
1682 420 1849 463 secola·

220 501 269 554 ri,
305 500 398 541 186:
426 498 592 553 gl’altri
623 511 815 538 seruano
838 496 954 537 nelle
987 509 1091 536 cose
1115 495 1380 538 necessarie.
1409 495 1457 538 Si
1481 497 1505 538 e
1528 497 1668 537 molto
1693 510 1846 550 procu-

221 584 314 617 rato
340 576 381 615 di
407 589 606 616 scemare
631 580 789 626 questo
814 585 1017 624 numer03
1045 586 1114 613 ma
1137 571 1161 612 e
1186 578 1310 612 tanta
1334 572 1374 613 la
1397 572 1598 613 instanza
1626 573 1711 614 che
1735 571 1850 615 uien'

221 653 325 693 fatta
349 652 403 692 da
435 663 622 705 persone
658 648 907 703 principali,
936 649 1019 688 che
1048 662 1136 689 non
1161 663 1209 690 se
1234 649 1335 690 n'ha
1360 655 1520 702 potuto
1551 649 1674 691 leuar
1705 648 1780 703 piu
1805 649 1847 690 di

219 728 349 781 quelli
374 729 457 768 che
481 726 508 766 il
535 740 644 779 papa
672 725 713 766 ui
744 724 966 765 mantiene
1000 724 1064 765 fra
1095 724 1157 765 soi
1185 725 1356 778 parenti
1388 732 1432 765 et
1462 725 1576 766 altra
1599 733 1735 779 gente
1763 726 1848 767 che

217 804 424 857 alquanto
444 801 787 855 gl’appertiene,
809 801 879 842 del
901 802 1060 854 Bosco,
1083 800 1184 842 ch'e
1208 815 1288 842 sua
1310 800 1472 855 patria,
1496 801 1582 843 che
1599 815 1742 842 sonno
1760 809 1848 844 sta-

220 880 249 919 ti
279 879 344 931 18,
373 893 398 919 o
426 890 495 929 203
517 893 539 919 e
558 877 650 918 cosi
669 877 766 918 altri
793 877 1006 918 cardinali
1033 884 1077 919 et
1101 884 1237 930 gente
1261 876 1409 918 nobile
1437 877 1623 928 d'Italia,
1649 878 1845 920 Germa-

220 955 304 1005 nia,
338 955 540 1003 Polonia,
569 953 801 1007 Vngheria
834 961 877 994 et
907 954 1017 994 altre
1048 953 1235 1003 nationi,
1263 955 1413 994 hanno
1444 953 1567 1008 quiui
1598 954 1789 1008 parenti,
1823 968 1848 995 o

223 1031 550 1074 raccomandati
575 1030 688 1072 suoi.

313 1121 379 1162 33.
448 1108 525 1149 De'
551 1106 750 1149 tedeschi
776 1108 858 1147 che
882 1106 917 1147 si
942 1114 1250 1162 mantengono
1275 1122 1299 1148 a
1322 1121 1451 1161 spese
1476 1107 1549 1148 del
1573 1107 1783 1161 collegio,
1810 1108 1845 1148 si

220 1185 241 1228 ὲ
265 1183 530 1226 cominciato
561 1185 830 1236 quest’anno
854 1197 877 1223 a
909 1183 1031 1224 farne
1055 1183 1201 1224 alcuni
1228 1183 1467 1237 sacerdoti,
1495 1191 1538 1224 et
1573 1197 1661 1225 uno
1684 1183 1727 1224 di
1752 1184 1846 1225 loro

221 1261 398 1317 predica
422 1261 463 1300 in
490 1247 671 1302 tedesco
694 1274 718 1300 a
742 1259 843 1313 quei
868 1259 982 1301 della
1007 1260 1194 1313 guardia
1213 1260 1283 1301 del
1310 1275 1439 1314 papa,
1466 1267 1509 1301 et
1535 1259 1596 1311 gli
1619 1261 1842 1308 confessa,

221 1344 263 1380 et
294 1351 441 1377 uanno
475 1336 662 1377 facendo
690 1335 873 1389 profitto
902 1350 985 1376 con
1020 1337 1060 1377 la
1091 1336 1234 1390 gratia
1264 1337 1318 1378 de
1350 1336 1448 1382 Dio.
1481 1336 1647 1378 Alcuni
1677 1336 1719 1377 di
1751 1336 1845 1377 loro

221 1414 323 1454 boni
353 1412 549 1467 soggetti
574 1412 607 1453 si
638 1427 718 1453 son
744 1412 939 1453 mandati
964 1414 1235 1466 quest'anno
1259 1413 1300 1453 in
1327 1413 1506 1455 diuerse
1530 1412 1643 1467 parti
1675 1419 1842 1455 setten-

166 1533 175 1543 ,
224 1489 413 1538 trionali,
436 1488 646 1530 accioche
665 1488 916 1530 comincino
935 1504 959 1530 a
984 1489 1254 1543 trauagliare
1280 1490 1395 1531 nella
1414 1489 1552 1543 uigna
1576 1489 1647 1530 del
1671 1489 1841 1543 Signo—

222 1580 281 1615 re,
316 1566 556 1607 riceuendo
585 1565 683 1606 altri
714 1565 756 1605 in
790 1579 871 1606 suo
901 1566 1085 1619 luogho.
1118 1564 1168 1608 Si
1199 1565 1362 1620 questi,
1388 1580 1516 1607 come
1545 1565 1727 1620 gl'altri,
1755 1567 1842 1606 han

224 1643 332 1683 fatto
355 1642 441 1682 bon
475 1643 612 1682 frutto
637 1642 756 1695 negli
781 1642 917 1695 studi,
954 1650 997 1683 et
1031 1642 1118 1683 due
1156 1642 1221 1683 de'
1257 1641 1453 1697 theologi
1487 1649 1530 1684 et
1555 1650 1621 1682 tre
1654 1656 1680 1682 o
1714 1649 1842 1695 quat-

222 1726 288 1759 tro
311 1717 351 1758 di
378 1717 497 1770 queli
526 1719 609 1759 che
632 1717 831 1759 finiuano
855 1717 882 1758 il
906 1732 1034 1759 corso
1064 1718 1105 1759 di
1139 1718 1419 1772 philosophia
1443 1719 1708 1772 quest’anno
1740 1732 1841 1772 pas-

222 1804 332 1845 sato‚
368 1795 513 1836 fecero
544 1793 571 1833 li
601 1793 698 1834 suoi
727 1795 805 1834 atti
837 1794 1019 1848 publici,
1052 1795 1327 1836 difendendo
1361 1794 1638 1836 conclusioni
1677 1794 1720 1835 in
1757 1809 1844 1836 una

221 1870 313 1911 sala
335 1871 507 1924 grande·
524 1870 593 1912 del
617 1884 699 1911 suo
724 1870 914 1925 collegio
932 1870 977 1911 in
1001 1870 1167 1912 diuersi
1191 1870 1352 1925 giorni,
1373 1871 1520 1912 dando
1544 1872 1660 1912 bona
1678 1878 1844 1912 mostra

224 1947 337 1988 della
361 1961 441 1987 sua
464 1945 658 1987 dottrina
682 1946 726 1986 in
751 1961 964 2001 presenza
987 1947 1041 1988 de
1065 1947 1275 1989 cardinali
1301 1956 1343 1989 et
1368 1948 1478 1990 altre
1501 1962 1690 2001 persone
1714 1947 1844 2001 graui

221 2030 264 2064 et
287 2023 425 2072 dotte,
452 2023 536 2064 alle
559 2023 677 2076 quali
701 2037 804 2077 pare
823 2038 926 2065 cosa
950 2024 992 2064 di
1019 2025 1152 2065 molta
1178 2024 1456 2079 marauiglia,
1478 2026 1561 2066 che
1585 2024 1627 2064 in
1653 2034 1717 2065 tre
1740 2023 1844 2065 anni

223 2098 266 2139 di
296 2112 425 2140 corso
456 2099 491 2139 si
524 2099 663 2140 faccia
692 2099 728 2142 si
761 2100 957 2142 notabile
989 2101 1142 2152 frutto,
1174 2103 1256 2142 che
1286 2101 1468 2155 possino
1491 2100 1636 2154 questi
1660 2100 1844 2155 giouani

223 2175 299 2215 dar
323 2176 380 2215 tal
404 2184 538 2216 conto
562 2175 604 2216 di
631 2190 693 2218 se.

310 2263 378 2303 34.
446 2252 628 2305 Quanto
652 2253 990 2306 agl'humanisti
1014 2267 1037 2294 e
1061 2253 1251 2295 studiosi
1274 2253 1393 2295 delle
1412 2253 1581 2307 lingue,
1603 2252 1639 2294 si
1662 2252 1844 2295 diedero

222 2326 234 2365 i
256 2327 394 2380 premi
420 2328 686 2380 quest'anno
711 2337 888 2382 passato
911 2343 994 2370 con
1019 2330 1158 2371 molto
1182 2330 1353 2384 grande
1382 2329 1668 2384 apparechio,
1695 2343 1843 2383 prece-

221 2402 366 2443 dendo
386 2417 443 2444 un
467 2403 650 2458 dialogo
673 2405 787 2447 della
813 2405 998 2464 historia
1021 2406 1064 2447 di
1089 2406 1286 2448 Hercole
1306 2406 1371 2447 fra
1396 2406 1435 2446 le
1453 2405 1540 2446 due
1559 2405 1708 2447 strade
1730 2405 1845 2447 della

222 2478 340 2519 uirtu
362 2486 406 2520 et
428 2479 498 2522 del
524 2480 712 2534 piacere,
738 2495 762 2523 e
785 2482 821 2523 si
854 2482 1108 2524 ritrouorno
1132 2484 1216 2524 alla
1240 2482 1612 2537 ripresentatione
1635 2489 1679 2525 et
1702 2483 1741 2524 al
1765 2482 1845 2524 dar

223 2554 249 2593 li
275 2555 427 2607 premii
454 2570 539 2596 una
565 2557 683 2598 uolta
712 2558 778 2611 16,
805 2572 831 2598 o
853 2569 905 2610 17
925 2559 1153 2608 cardinali,
1179 2567 1223 2601 et
1248 2559 1387 2601 l'altra
1413 2568 1452 2612 5,
1477 2573 1503 2600 o
1526 2559 1566 2610 6,
1586 2572 1720 2600 senza
1744 2558 1844 2600 altri

222 2631 546 2682 ambasciatori,
579 2646 603 2673 e
632 2633 802 2687 prelati,
836 2649 859 2675 e
890 2649 1078 2689 persone
1107 2635 1151 2676 di
1181 2635 1366 2689 qualita,
1393 2635 1477 2676 alle
1507 2635 1626 2688 quali
1658 2634 1845 2689 piacque

222 2705 264 2745 in
289 2720 398 2759 gran
432 2707 624 2750 maniera
650 2716 766 2750 tutto
790 2710 890 2764 quel
914 2718 1025 2753 atto.
1053 2712 1108 2753 Et
1139 2711 1273 2766 quelli
1298 2713 1382 2753 che
1413 2711 1447 2752 si
1471 2725 1606 2753 erano
1637 2711 1748 2752 fatto
1770 2710 1844 2765 piu

223 2782 388 2823 honore
413 2783 526 2824 nella
550 2784 874 2838 compositione
898 2786 942 2827 in
966 2786 1145 2830 diuerse
1169 2787 1301 2829 classi
1325 2787 1370 2828 in
1395 2801 1525 2842 prosa
1549 2795 1592 2830 et
1615 2800 1762 2842 uerso,
1785 2787 1844 2827 la-

225 2855 316 2896 tino
338 2866 381 2898 et
404 2872 554 2912 greco,
582 2860 684 2902 delli
710 2861 902 2902 scholari
926 2863 997 2904 del
1022 2863 1214 2917 collegio
1238 2863 1518 2918 germanico,
1542 2862 1782 2906 seminario
1801 2869 1844 2906 et

225 2932 457 2987 forestieri,
487 2936 617 2976 furno
649 2938 790 2978 molto
820 2938 1025 2979 honorati
1049 2953 1073 2980 e
1097 2939 1358 2981 rimunerati
1389 2940 1503 2981 oltra
1526 2939 1566 2981 ai
1597 2938 1735 2993 premi
1758 2953 1844 2981 con

228 3008 341 3048 uersi
364 3017 407 3049 et
438 3010 623 3065 musica,
650 3025 777 3054 come
799 3013 834 3054 si
858 3014 995 3057 suole.
1030 3016 1210 3057 Benche
1233 3015 1259 3056 li
1284 3015 1535 3070 spettatori‚
1568 3029 1646 3070 per
1675 3022 1844 3069 quanto
