<?xml version="1.0" encoding="UTF-8"?>
<!DOCTYPE html PUBLIC "-//W3C//DTD XHTML 1.0 Transitional//EN"
    "http://www.w3.org/TR/xhtml1/DTD/xhtml1-transitional.dtd">
<html xmlns="http://www.w3.org/1999/xhtml" xml:lang="en" lang="en">
 <head>
  <title>
</title>
<meta http-equiv="Content-Type" content="text/html;charset=utf-8" />
  <meta name='ocr-system' content='tesseract 3.04.00' />
  <meta name='ocr-capabilities' content='ocr_page ocr_carea ocr_par ocr_line ocrx_word'/>
</head>
<body>
  <div class='ocr_page' id='page_1' title='image "./polancicomplemen07pola_0626.png"; bbox 0 0 1891 3292; ppageno 0'>
   <div class='ocr_carea' id='block_1_1' title="bbox 269 223 1308 267">
    <p class='ocr_par' dir='ltr' id='par_1_1' title="bbox 269 223 1308 267">
     <span class='ocr_line' id='line_1_1' title="bbox 269 223 1308 267; baseline -0.001 -9"><span class='ocrx_word' id='word_1_1' title='bbox 269 226 338 267; x_wconf 75' lang='lat'>604</span> <span class='ocrx_word' id='word_1_2' title='bbox 776 223 962 256; x_wconf 78' lang='lat' dir='ltr'>POLANC1</span> <span class='ocrx_word' id='word_1_3' title='bbox 991 231 1308 257; x_wconf 83' lang='lat' dir='ltr'><strong>COMPLEMENTA</strong></span> 
     </span>
    </p>
   </div>
   <div class='ocr_carea' id='block_1_2' title="bbox 200 322 1891 2908">
    <p class='ocr_par' dir='ltr' id='par_1_2' title="bbox 220 322 1845 425">
     <span class='ocr_line' id='line_1_2' title="bbox 222 322 1845 380; baseline 0.001 -14"><span class='ocrx_word' id='word_1_4' title='bbox 222 323 463 378; x_wconf 87' lang='lat' dir='ltr'>apostolica</span> <span class='ocrx_word' id='word_1_5' title='bbox 489 323 751 378; x_wconf 87' lang='lat' dir='ltr'>approbata,</span> <span class='ocrx_word' id='word_1_6' title='bbox 772 328 817 364; x_wconf 88' lang='lat' dir='ltr'>et</span> <span class='ocrx_word' id='word_1_7' title='bbox 841 324 893 365; x_wconf 99' lang='lat' dir='ltr'>P.</span> <span class='ocrx_word' id='word_1_8' title='bbox 920 322 1114 365; x_wconf 88' lang='lat' dir='ltr'>vicarius</span> <span class='ocrx_word' id='word_1_9' title='bbox 1138 325 1198 366; x_wconf 92' lang='lat' dir='ltr'>M.</span> <span class='ocrx_word' id='word_1_10' title='bbox 1226 325 1414 366; x_wconf 89' lang='lat' dir='ltr'>Iacobus</span> <span class='ocrx_word' id='word_1_11' title='bbox 1443 325 1623 379; x_wconf 84' lang='lat' dir='ltr'>Laynez</span> <span class='ocrx_word' id='word_1_12' title='bbox 1651 324 1845 380; x_wconf 81' lang='lat' dir='ltr'><strong>legitime</strong></span> 
     </span>
     <span class='ocr_line' id='line_1_3' title="bbox 220 380 1050 425; baseline 0.001 -2"><span class='ocrx_word' id='word_1_13' title='bbox 220 383 469 425; x_wconf 90' lang='lat' dir='ltr'>secundum</span> <span class='ocrx_word' id='word_1_14' title='bbox 493 380 841 424; x_wconf 81' lang='lat' dir='ltr'>constitutiones</span> <span class='ocrx_word' id='word_1_15' title='bbox 864 381 1050 424; x_wconf 91' lang='lat' dir='ltr'>electus.</span> 
     </span>
    </p>

    <p class='ocr_par' dir='ltr' id='par_1_3' title="bbox 217 439 1891 1259">
     <span class='ocr_line' id='line_1_4' title="bbox 315 439 1891 486; baseline 0.003 -4"><span class='ocrx_word' id='word_1_16' title='bbox 315 452 380 482; x_wconf 84' lang='lat'>12.</span> <span class='ocrx_word' id='word_1_17' title='bbox 406 439 643 482; x_wconf 87' lang='lat' dir='ltr'>Reuocatis</span> <span class='ocrx_word' id='word_1_18' title='bbox 665 440 721 481; x_wconf 91' lang='lat' dir='ltr'>ad</span> <span class='ocrx_word' id='word_1_19' title='bbox 744 454 791 482; x_wconf 91' lang='lat' dir='ltr'>se</span> <span class='ocrx_word' id='word_1_20' title='bbox 815 440 1127 482; x_wconf 90' lang='lat' dir='ltr'>sacerdotibus</span> <span class='ocrx_word' id='word_1_21' title='bbox 1150 440 1261 482; x_wconf 85' lang='lat' dir='ltr'>dixit</span> <span class='ocrx_word' id='word_1_22' title='bbox 1285 442 1337 483; x_wconf 89' lang='lat' dir='ltr'>R.</span> <span class='ocrx_word' id='word_1_23' title='bbox 1368 443 1417 483; x_wconf 89' lang='lat' dir='ltr'>P.</span> <span class='ocrx_word' id='word_1_24' title='bbox 1446 441 1619 483; x_wconf 88' lang='lat' dir='ltr'>Natalis</span> <span class='ocrx_word' id='word_1_25' title='bbox 1647 455 1846 486; x_wconf 76' lang='lat' dir='ltr'>cessasse</span> <span class='ocrx_word' id='word_1_26' title='bbox 1889 459 1891 486; x_wconf 72' lang='grc' dir='ltr'><strong><em>ῑ</em></strong></span> 
     </span>
     <span class='ocr_line' id='line_1_5' title="bbox 221 499 1846 555; baseline 0.002 -15"><span class='ocrx_word' id='word_1_27' title='bbox 221 500 306 540; x_wconf 90' lang='lat' dir='ltr'>iarn</span> <span class='ocrx_word' id='word_1_28' title='bbox 335 499 710 553; x_wconf 77' lang='lat' dir='ltr'>conspirationem</span> <span class='ocrx_word' id='word_1_29' title='bbox 735 499 791 541; x_wconf 93' lang='lat' dir='ltr'>de</span> <span class='ocrx_word' id='word_1_30' title='bbox 821 499 1103 541; x_wconf 88' lang='lat' dir='ltr'>triumuirato</span> <span class='ocrx_word' id='word_1_31' title='bbox 1134 501 1203 541; x_wconf 92' lang='lat' dir='ltr'>uel</span> <span class='ocrx_word' id='word_1_32' title='bbox 1229 499 1379 554; x_wconf 88' lang='lat' dir='ltr'>potius</span> <span class='ocrx_word' id='word_1_33' title='bbox 1407 500 1714 550; x_wconf 74' lang='lat' dir='ltr'>duumuiram,</span> <span class='ocrx_word' id='word_1_34' title='bbox 1747 502 1846 555; x_wconf 90' lang='lat' dir='ltr'>quia</span> 
     </span>
     <span class='ocr_line' id='line_1_6' title="bbox 222 557 1844 612; baseline 0.002 -13"><span class='ocrx_word' id='word_1_35' title='bbox 222 560 271 599; x_wconf 92' lang='lat' dir='ltr'>P.</span> <span class='ocrx_word' id='word_1_36' title='bbox 303 558 575 599; x_wconf 80' lang='lat' dir='ltr'>Paschasius</span> <span class='ocrx_word' id='word_1_37' title='bbox 604 571 837 611; x_wconf 88' lang='lat' dir='ltr'>nunquam</span> <span class='ocrx_word' id='word_1_38' title='bbox 862 557 985 600; x_wconf 88' lang='lat' dir='ltr'>uisus</span> <span class='ocrx_word' id='word_1_39' title='bbox 1015 566 1083 600; x_wconf 92' lang='lat' dir='ltr'>est</span> <span class='ocrx_word' id='word_1_40' title='bbox 1113 558 1415 610; x_wconf 77' lang='lat' dir='ltr'>consensisse,</span> <span class='ocrx_word' id='word_1_41' title='bbox 1443 559 1637 612; x_wconf 89' lang='lat' dir='ltr'>quanuis</span> <span class='ocrx_word' id='word_1_42' title='bbox 1668 558 1844 602; x_wconf 83' lang='lat' dir='ltr'>uideba-</span> 
     </span>
     <span class='ocr_line' id='line_1_7' title="bbox 222 615 1891 672; baseline 0.004 -15"><span class='ocrx_word' id='word_1_43' title='bbox 222 624 293 657; x_wconf 86' lang='lat' dir='ltr'>tur</span> <span class='ocrx_word' id='word_1_44' title='bbox 317 618 502 659; x_wconf 89' lang='lat' dir='ltr'>haerere</span> <span class='ocrx_word' id='word_1_45' title='bbox 523 626 540 642; x_wconf 66' lang='lat'>²¹</span> <span class='ocrx_word' id='word_1_46' title='bbox 562 615 743 667; x_wconf 87' lang='lat' dir='ltr'>dubins;</span> <span class='ocrx_word' id='word_1_47' title='bbox 776 616 855 658; x_wconf 90' lang='lat' dir='ltr'>sed</span> <span class='ocrx_word' id='word_1_48' title='bbox 884 631 1006 658; x_wconf 89' lang='lat' dir='ltr'>nunc</span> <span class='ocrx_word' id='word_1_49' title='bbox 1029 632 1077 659; x_wconf 86' lang='lat' dir='ltr'>se</span> <span class='ocrx_word' id='word_1_50' title='bbox 1106 616 1285 671; x_wconf 91' lang='lat' dir='ltr'>penitus</span> <span class='ocrx_word' id='word_1_51' title='bbox 1314 617 1480 659; x_wconf 82' lang='lat' dir='ltr'>dedidit</span> <span class='ocrx_word' id='word_1_52' title='bbox 1511 619 1562 659; x_wconf 90' lang='lat' dir='ltr'>R.</span> <span class='ocrx_word' id='word_1_53' title='bbox 1592 620 1644 661; x_wconf 92' lang='lat' dir='ltr'>P.</span> <span class='ocrx_word' id='word_1_54' title='bbox 1670 618 1846 672; x_wconf 83' lang='lat' dir='ltr'>Laynez</span> <span class='ocrx_word' id='word_1_55' title='bbox 1888 640 1891 663; x_wconf 86' lang='grc'>;</span> 
     </span>
     <span class='ocr_line' id='line_1_8' title="bbox 218 674 1887 721; baseline 0.001 -6"><span class='ocrx_word' id='word_1_56' title='bbox 218 675 399 717; x_wconf 87' lang='lat' dir='ltr'>vicario.</span> <span class='ocrx_word' id='word_1_57' title='bbox 430 677 481 717; x_wconf 91' lang='lat' dir='ltr'>P.</span> <span class='ocrx_word' id='word_1_58' title='bbox 508 675 662 718; x_wconf 85' lang='lat' dir='ltr'>Simon</span> <span class='ocrx_word' id='word_1_59' title='bbox 688 674 873 717; x_wconf 90' lang='lat' dir='ltr'>omnino</span> <span class='ocrx_word' id='word_1_60' title='bbox 896 676 1031 717; x_wconf 89' lang='lat' dir='ltr'>etiam</span> <span class='ocrx_word' id='word_1_61' title='bbox 1054 675 1246 718; x_wconf 88' lang='lat' dir='ltr'>desciuit</span> <span class='ocrx_word' id='word_1_62' title='bbox 1270 676 1326 717; x_wconf 90' lang='lat' dir='ltr'>ad</span> <span class='ocrx_word' id='word_1_63' title='bbox 1350 677 1401 718; x_wconf 90' lang='lat' dir='ltr'>R.</span> <span class='ocrx_word' id='word_1_64' title='bbox 1432 678 1482 718; x_wconf 89' lang='lat' dir='ltr'>P.</span> <span class='ocrx_word' id='word_1_65' title='bbox 1511 676 1745 720; x_wconf 89' lang='lat' dir='ltr'>vicarium.</span> <span class='ocrx_word' id='word_1_66' title='bbox 1767 679 1844 721; x_wconf 92' lang='lat' dir='ltr'>Re·</span> <span class='ocrx_word' id='word_1_67' title='bbox 1884 715 1887 717; x_wconf 83' lang='lat'>.</span> 
     </span>
     <span class='ocr_line' id='line_1_9' title="bbox 217 733 1846 789; baseline 0.002 -14"><span class='ocrx_word' id='word_1_68' title='bbox 217 741 305 776; x_wconf 91' lang='lat' dir='ltr'>stat</span> <span class='ocrx_word' id='word_1_69' title='bbox 328 748 438 788; x_wconf 85' lang='lat' dir='ltr'>ergo</span> <span class='ocrx_word' id='word_1_70' title='bbox 461 735 584 775; x_wconf 82' lang='lat' dir='ltr'>solus</span> <span class='ocrx_word' id='word_1_71' title='bbox 610 735 659 776; x_wconf 91' lang='lat' dir='ltr'>P.</span> <span class='ocrx_word' id='word_1_72' title='bbox 688 733 938 787; x_wconf 80' lang='lat' dir='ltr'>Bobadilla,</span> <span class='ocrx_word' id='word_1_73' title='bbox 965 736 1020 776; x_wconf 91' lang='lat' dir='ltr'>de</span> <span class='ocrx_word' id='word_1_74' title='bbox 1044 749 1134 789; x_wconf 89' lang='lat' dir='ltr'>quo</span> <span class='ocrx_word' id='word_1_75' title='bbox 1159 735 1294 777; x_wconf 88' lang='lat' dir='ltr'>etiam</span> <span class='ocrx_word' id='word_1_76' title='bbox 1320 736 1591 789; x_wconf 90' lang='lat' dir='ltr'>sperandum</span> <span class='ocrx_word' id='word_1_77' title='bbox 1623 742 1704 787; x_wconf 88' lang='lat' dir='ltr'>est,</span> <span class='ocrx_word' id='word_1_78' title='bbox 1728 738 1846 789; x_wconf 92' lang='lat' dir='ltr'>quod</span> 
     </span>
     <span class='ocr_line' id='line_1_10' title="bbox 219 792 1891 848; baseline 0.002 -14"><span class='ocrx_word' id='word_1_79' title='bbox 219 793 309 834; x_wconf 89' lang='lat' dir='ltr'>cito</span> <span class='ocrx_word' id='word_1_80' title='bbox 344 807 419 846; x_wconf 91' lang='lat' dir='ltr'>per</span> <span class='ocrx_word' id='word_1_81' title='bbox 454 793 536 834; x_wconf 90' lang='lat' dir='ltr'>Dei</span> <span class='ocrx_word' id='word_1_82' title='bbox 555 792 746 847; x_wconf 87' lang='lat' dir='ltr'>gratiam</span> <span class='ocrx_word' id='word_1_83' title='bbox 782 793 1028 848; x_wconf 86' lang='lat' dir='ltr'>resipiscet,</span> <span class='ocrx_word' id='word_1_84' title='bbox 1064 794 1274 847; x_wconf 89' lang='lat' dir='ltr'>quamuis</span> <span class='ocrx_word' id='word_1_85' title='bbox 1307 793 1467 836; x_wconf 86' lang='lat' dir='ltr'>dixerit</span> <span class='ocrx_word' id='word_1_86' title='bbox 1500 809 1548 836; x_wconf 88' lang='lat' dir='ltr'>se</span> <span class='ocrx_word' id='word_1_87' title='bbox 1583 794 1697 835; x_wconf 89' lang='lat' dir='ltr'>uelle</span> <span class='ocrx_word' id='word_1_88' title='bbox 1729 795 1846 839; x_wconf 86' lang='lat' dir='ltr'>adire</span> <span class='ocrx_word' id='word_1_89' title='bbox 1887 814 1891 826; x_wconf 74' lang='lat'>¹</span> 
     </span>
     <span class='ocr_line' id='line_1_11' title="bbox 219 852 1891 907; baseline 0.004 -15"><span class='ocrx_word' id='word_1_90' title='bbox 219 852 495 906; x_wconf 86' lang='lat' dir='ltr'>pontificem,</span> <span class='ocrx_word' id='word_1_91' title='bbox 529 852 564 892; x_wconf 93' lang='lat' dir='ltr'>si</span> <span class='ocrx_word' id='word_1_92' title='bbox 590 852 630 894; x_wconf 89' lang='lat' dir='ltr'>ei</span> <span class='ocrx_word' id='word_1_93' title='bbox 655 859 670 875; x_wconf 68' lang='lat' dir='ltr'>V</span> <span class='ocrx_word' id='word_1_94' title='bbox 693 852 970 894; x_wconf 81' lang='lat' dir='ltr'>concedatur</span> <span class='ocrx_word' id='word_1_95' title='bbox 1007 852 1300 907; x_wconf 88' lang='lat' dir='ltr'>superioritas</span> <span class='ocrx_word' id='word_1_96' title='bbox 1327 867 1350 893; x_wconf 89' lang='lat' dir='ltr'>a</span> <span class='ocrx_word' id='word_1_97' title='bbox 1382 854 1509 895; x_wconf 83' lang='lat' dir='ltr'>Rmo,</span> <span class='ocrx_word' id='word_1_98' title='bbox 1543 852 1767 895; x_wconf 78' lang='lat' dir='ltr'>cardinale</span> <span class='ocrx_word' id='word_1_99' title='bbox 1794 854 1847 898; x_wconf 86' lang='lat' dir='ltr'>de</span> <span class='ocrx_word' id='word_1_100' title='bbox 1889 893 1891 898; x_wconf 86' lang='lat'>.</span> 
     </span>
     <span class='ocr_line' id='line_1_12' title="bbox 220 910 1891 965; baseline 0.001 -13"><span class='ocrx_word' id='word_1_101' title='bbox 220 910 372 965; x_wconf 86' lang='lat' dir='ltr'>Carpi.</span> <span class='ocrx_word' id='word_1_102' title='bbox 395 911 485 953; x_wconf 86' lang='lat' dir='ltr'>Sed</span> <span class='ocrx_word' id='word_1_103' title='bbox 506 925 588 952; x_wconf 91' lang='lat' dir='ltr'>uae</span> <span class='ocrx_word' id='word_1_104' title='bbox 607 910 684 961; x_wconf 84' lang='lat' dir='ltr'>illi,</span> <span class='ocrx_word' id='word_1_105' title='bbox 706 911 1068 964; x_wconf 89' lang='lat' dir='ltr'>quandoquidem</span> <span class='ocrx_word' id='word_1_106' title='bbox 1089 911 1288 965; x_wconf 86' lang='lat' dir='ltr'>pontifex</span> <span class='ocrx_word' id='word_1_107' title='bbox 1312 911 1592 954; x_wconf 86' lang='lat' dir='ltr'>obedientiae</span> <span class='ocrx_word' id='word_1_108' title='bbox 1610 912 1845 954; x_wconf 86' lang='lat' dir='ltr'>obseruan-</span> <span class='ocrx_word' id='word_1_109' title='bbox 1886 929 1891 941; x_wconf 62' lang='lat'>³</span> 
     </span>
     <span class='ocr_line' id='line_1_13' title="bbox 219 968 1844 1027; baseline 0.001 -17"><span class='ocrx_word' id='word_1_110' title='bbox 219 969 417 1011; x_wconf 88' lang='lat' dir='ltr'>tissimus</span> <span class='ocrx_word' id='word_1_111' title='bbox 436 977 519 1022; x_wconf 86' lang='lat' dir='ltr'>est⁷</span> <span class='ocrx_word' id='word_1_112' title='bbox 543 976 590 1011; x_wconf 91' lang='lat' dir='ltr'>ut</span> <span class='ocrx_word' id='word_1_113' title='bbox 608 968 849 1023; x_wconf 88' lang='lat' dir='ltr'>aliquando</span> <span class='ocrx_word' id='word_1_114' title='bbox 867 970 979 1011; x_wconf 90' lang='lat' dir='ltr'>dixit</span> <span class='ocrx_word' id='word_1_115' title='bbox 999 972 1154 1011; x_wconf 89' lang='lat' dir='ltr'>Rmus.</span> <span class='ocrx_word' id='word_1_116' title='bbox 1177 970 1416 1011; x_wconf 87' lang='lat' dir='ltr'>cardinalis</span> <span class='ocrx_word' id='word_1_117' title='bbox 1433 971 1488 1012; x_wconf 88' lang='lat' dir='ltr'>de</span> <span class='ocrx_word' id='word_1_118' title='bbox 1502 971 1712 1013; x_wconf 87' lang='lat' dir='ltr'>Graenen</span> <span class='ocrx_word' id='word_1_119' title='bbox 1735 970 1844 1027; x_wconf 52' lang='grc' dir='ltr'><strong><em>[εἰς]</em></strong></span> 
     </span>
     <span class='ocr_line' id='line_1_14' title="bbox 220 1028 1891 1090; baseline 0.001 -20"><span class='ocrx_word' id='word_1_120' title='bbox 220 1030 273 1070; x_wconf 89' lang='grc' dir='ltr'>Ρ.</span> <span class='ocrx_word' id='word_1_121' title='bbox 301 1028 429 1070; x_wconf 90' lang='lat' dir='ltr'>Viola</span> <span class='ocrx_word' id='word_1_122' title='bbox 453 1036 497 1070; x_wconf 92' lang='lat' dir='ltr'>et</span> <span class='ocrx_word' id='word_1_123' title='bbox 518 1029 569 1071; x_wconf 89' lang='lat' dir='ltr'>P.</span> <span class='ocrx_word' id='word_1_124' title='bbox 596 1028 827 1070; x_wconf 85' lang='lat' dir='ltr'>Adrianus</span> <span class='ocrx_word' id='word_1_125' title='bbox 854 1029 1121 1070; x_wconf 89' lang='lat' dir='ltr'>uidebantur</span> <span class='ocrx_word' id='word_1_126' title='bbox 1145 1028 1373 1070; x_wconf 86' lang='lat' dir='ltr'>declinare</span> <span class='ocrx_word' id='word_1_127' title='bbox 1396 1031 1450 1070; x_wconf 89' lang='lat' dir='ltr'>ad</span> <span class='ocrx_word' id='word_1_128' title='bbox 1475 1036 1621 1090; x_wconf 86' lang='lat' dir='ltr'>partes</span> <span class='ocrx_word' id='word_1_129' title='bbox 1647 1029 1847 1071; x_wconf 83' lang='lat' dir='ltr'>Bobadil-</span> <span class='ocrx_word' id='word_1_130' title='bbox 1884 1034 1891 1051; x_wconf 85' lang='lat'>&#39;·</span> 
     </span>
     <span class='ocr_line' id='line_1_15' title="bbox 221 1082 1848 1142; baseline 0.001 -14"><span class='ocrx_word' id='word_1_131' title='bbox 221 1088 304 1129; x_wconf 89' lang='lat' dir='ltr'>lae.</span> <span class='ocrx_word' id='word_1_132' title='bbox 333 1088 422 1130; x_wconf 90' lang='lat' dir='ltr'>Sed</span> <span class='ocrx_word' id='word_1_133' title='bbox 448 1101 526 1141; x_wconf 86' lang='lat' dir='ltr'>pro</span> <span class='ocrx_word' id='word_1_134' title='bbox 550 1087 761 1128; x_wconf 88' lang='lat' dir='ltr'>omnibus</span> <span class='ocrx_word' id='word_1_135' title='bbox 782 1089 1000 1129; x_wconf 89' lang='lat' dir='ltr'>orandum</span> <span class='ocrx_word' id='word_1_136' title='bbox 1032 1096 1114 1131; x_wconf 91' lang='lat' dir='ltr'>est.</span> <span class='ocrx_word' id='word_1_137' title='bbox 1143 1089 1198 1129; x_wconf 88' lang='lat' dir='ltr'>Et</span> <span class='ocrx_word' id='word_1_138' title='bbox 1228 1089 1414 1142; x_wconf 89' lang='lat' dir='ltr'>posthac</span> <span class='ocrx_word' id='word_1_139' title='bbox 1435 1082 1585 1129; x_wconf 89' lang='lat' dir='ltr'>licebit</span> <span class='ocrx_word' id='word_1_140' title='bbox 1608 1102 1731 1130; x_wconf 89' lang='lat' dir='ltr'>more</span> <span class='ocrx_word' id='word_1_141' title='bbox 1753 1089 1848 1130; x_wconf 88' lang='lat' dir='ltr'>soli-</span> 
     </span>
     <span class='ocr_line' id='line_1_16' title="bbox 219 1146 1848 1212; baseline 0.001 -25"><span class='ocrx_word' id='word_1_142' title='bbox 219 1155 264 1187; x_wconf 93' lang='lat' dir='ltr'>to</span> <span class='ocrx_word' id='word_1_143' title='bbox 287 1146 503 1187; x_wconf 88' lang='lat' dir='ltr'>domum</span> <span class='ocrx_word' id='word_1_144' title='bbox 493 1160 572 1200; x_wconf 81' lang='lat' dir='ltr'>ire,</span> <span class='ocrx_word' id='word_1_145' title='bbox 600 1153 644 1188; x_wconf 85' lang='lat' dir='ltr'>et</span> <span class='ocrx_word' id='word_1_146' title='bbox 673 1160 776 1187; x_wconf 92' lang='lat' dir='ltr'>cum</span> <span class='ocrx_word' id='word_1_147' title='bbox 807 1147 1090 1212; x_wconf 84' lang='lat' dir='ltr'>quibuslibet</span> <span class='ocrx_word' id='word_1_148' title='bbox 1120 1146 1334 1200; x_wconf 77' lang='lat' dir='ltr'>colloqui,</span> <span class='ocrx_word' id='word_1_149' title='bbox 1367 1148 1614 1189; x_wconf 91' lang='lat' dir='ltr'>dummodo</span> <span class='ocrx_word' id='word_1_150' title='bbox 1643 1146 1848 1190; x_wconf 89' lang='lat' dir='ltr'>obseruet</span> 
     </span>
     <span class='ocr_line' id='line_1_17' title="bbox 220 1204 1191 1271; baseline 0 -25"><span class='ocrx_word' id='word_1_151' title='bbox 220 1204 530 1259; x_wconf 83' lang='lat' dir='ltr'>unusquisque</span> <span class='ocrx_word' id='word_1_152' title='bbox 554 1205 661 1259; x_wconf 82' lang='lat' dir='ltr'>quid</span> <span class='ocrx_word' id='word_1_153' title='bbox 684 1216 726 1246; x_wconf 86' lang='lat' dir='ltr'>et</span> <span class='ocrx_word' id='word_1_154' title='bbox 751 1205 933 1259; x_wconf 89' lang='lat' dir='ltr'>quicum</span> <span class='ocrx_word' id='word_1_155' title='bbox 962 1207 1191 1271; x_wconf 87' lang='lat' dir='ltr'>loquatur.</span> 
     </span>
    </p>

    <p class='ocr_par' dir='ltr' id='par_1_4' title="bbox 218 1263 1891 1482">
     <span class='ocr_line' id='line_1_18' title="bbox 311 1263 1891 1319; baseline 0.001 -14"><span class='ocrx_word' id='word_1_156' title='bbox 311 1264 479 1305; x_wconf 90' lang='lat' dir='ltr'>Eodem</span> <span class='ocrx_word' id='word_1_157' title='bbox 514 1264 586 1306; x_wconf 91' lang='lat' dir='ltr'>die</span> <span class='ocrx_word' id='word_1_158' title='bbox 620 1264 767 1319; x_wconf 91' lang='lat' dir='ltr'>coepit</span> <span class='ocrx_word' id='word_1_159' title='bbox 801 1279 901 1307; x_wconf 93' lang='lat' dir='ltr'>esse</span> <span class='ocrx_word' id='word_1_160' title='bbox 933 1265 1135 1305; x_wconf 88' lang='lat' dir='ltr'>minister</span> <span class='ocrx_word' id='word_1_161' title='bbox 1168 1263 1347 1317; x_wconf 84' lang='lat' dir='ltr'>collegii</span> <span class='ocrx_word' id='word_1_162' title='bbox 1386 1266 1433 1306; x_wconf 88' lang='lat' dir='ltr'>P.</span> <span class='ocrx_word' id='word_1_163' title='bbox 1471 1265 1559 1305; x_wconf 93' lang='lat' dir='ltr'>don</span> <span class='ocrx_word' id='word_1_164' title='bbox 1589 1263 1843 1316; x_wconf 89' lang='lat' dir='ltr'>Federicus,</span> <span class='ocrx_word' id='word_1_165' title='bbox 1889 1294 1891 1306; x_wconf 50' lang='grc'>1</span> 
     </span>
     <span class='ocr_line' id='line_1_19' title="bbox 224 1298 1846 1389; baseline 0.002 -26"><span class='ocrx_word' id='word_1_166' title='bbox 224 1324 489 1365; x_wconf 86' lang='lat' dir='ltr'>conferente</span> <span class='ocrx_word' id='word_1_167' title='bbox 521 1338 569 1365; x_wconf 91' lang='lat' dir='ltr'>se</span> <span class='ocrx_word' id='word_1_168' title='bbox 604 1324 655 1365; x_wconf 92' lang='lat' dir='ltr'>R.</span> <span class='ocrx_word' id='word_1_169' title='bbox 695 1325 746 1365; x_wconf 91' lang='lat' dir='ltr'>P.</span> <span class='ocrx_word' id='word_1_170' title='bbox 783 1325 998 1378; x_wconf 83' lang='lat' dir='ltr'>Montoya</span> <span class='ocrx_word' id='word_1_171' title='bbox 1030 1324 1085 1364; x_wconf 90' lang='lat' dir='ltr'>ad</span> <span class='ocrx_word' id='word_1_172' title='bbox 1118 1298 1371 1366; x_wconf 88' lang='lat' dir='ltr'>docendum</span> <span class='ocrx_word' id='word_1_173' title='bbox 1406 1322 1776 1389; x_wconf 78' lang='lat' dir='ltr'>metaphysicam,</span> <span class='ocrx_word' id='word_1_174' title='bbox 1806 1331 1846 1366; x_wconf 85' lang='lat' dir='ltr'>et</span> 
     </span>
     <span class='ocr_line' id='line_1_20' title="bbox 218 1381 1846 1424; baseline 0.001 -2"><span class='ocrx_word' id='word_1_175' title='bbox 218 1395 321 1422; x_wconf 89' lang='lat' dir='ltr'>cum</span> <span class='ocrx_word' id='word_1_176' title='bbox 363 1382 557 1423; x_wconf 87' lang='lat' dir='ltr'>maxima</span> <span class='ocrx_word' id='word_1_177' title='bbox 595 1382 848 1424; x_wconf 86' lang='lat' dir='ltr'>humilitate</span> <span class='ocrx_word' id='word_1_178' title='bbox 888 1397 990 1424; x_wconf 89' lang='lat' dir='ltr'>mox</span> <span class='ocrx_word' id='word_1_179' title='bbox 1030 1397 1077 1423; x_wconf 89' lang='lat' dir='ltr'>se</span> <span class='ocrx_word' id='word_1_180' title='bbox 1110 1383 1165 1424; x_wconf 89' lang='lat' dir='ltr'>ad</span> <span class='ocrx_word' id='word_1_181' title='bbox 1199 1382 1455 1424; x_wconf 86' lang='lat' dir='ltr'>Communia</span> <span class='ocrx_word' id='word_1_182' title='bbox 1488 1384 1673 1424; x_wconf 87' lang='lat' dir='ltr'>fratrum</span> <span class='ocrx_word' id='word_1_183' title='bbox 1707 1381 1846 1424; x_wconf 89' lang='lat' dir='ltr'>officia</span> 
     </span>
     <span class='ocr_line' id='line_1_21' title="bbox 220 1441 373 1482; baseline 0 0"><span class='ocrx_word' id='word_1_184' title='bbox 220 1441 373 1482; x_wconf 90' lang='lat' dir='ltr'>dante.</span> 
     </span>
    </p>

    <p class='ocr_par' dir='ltr' id='par_1_5' title="bbox 200 1499 1891 2143">
     <span class='ocr_line' id='line_1_22' title="bbox 311 1499 1889 1554; baseline -0.001 -13"><span class='ocrx_word' id='word_1_185' title='bbox 311 1510 376 1552; x_wconf 87' lang='lat'>15,</span> <span class='ocrx_word' id='word_1_186' title='bbox 399 1499 473 1553; x_wconf 90' lang='lat' dir='ltr'>qui</span> <span class='ocrx_word' id='word_1_187' title='bbox 493 1506 587 1541; x_wconf 91' lang='lat' dir='ltr'>erat</span> <span class='ocrx_word' id='word_1_188' title='bbox 613 1500 776 1541; x_wconf 88' lang='lat' dir='ltr'>festum</span> <span class='ocrx_word' id='word_1_189' title='bbox 796 1500 1117 1554; x_wconf 83' lang='lat' dir='ltr'>assumptionis</span> <span class='ocrx_word' id='word_1_190' title='bbox 1137 1501 1188 1542; x_wconf 86' lang='grc' dir='ltr'><strong>Β.</strong></span> <span class='ocrx_word' id='word_1_191' title='bbox 1212 1501 1268 1541; x_wconf 91' lang='lat' dir='ltr'>V.</span> <span class='ocrx_word' id='word_1_192' title='bbox 1292 1499 1478 1553; x_wconf 89' lang='lat' dir='ltr'>Mariae,</span> <span class='ocrx_word' id='word_1_193' title='bbox 1499 1501 1610 1541; x_wconf 91' lang='lat' dir='ltr'>hora</span> <span class='ocrx_word' id='word_1_194' title='bbox 1635 1511 1700 1553; x_wconf 77' lang='lat'>12,</span> <span class='ocrx_word' id='word_1_195' title='bbox 1729 1499 1846 1542; x_wconf 85' lang='lat' dir='ltr'>foeli-</span> <span class='ocrx_word' id='word_1_196' title='bbox 1881 1503 1889 1538; x_wconf 60' lang='grc' dir='ltr'><em>ζ</em></span> 
     </span>
     <span class='ocr_line' id='line_1_23' title="bbox 215 1557 1891 1613; baseline 0.001 -14"><span class='ocrx_word' id='word_1_197' title='bbox 215 1557 392 1599; x_wconf 88' lang='grc'>015511110</span> <span class='ocrx_word' id='word_1_198' title='bbox 417 1558 630 1613; x_wconf 91' lang='lat' dir='ltr'>migrauit</span> <span class='ocrx_word' id='word_1_199' title='bbox 654 1560 709 1600; x_wconf 91' lang='lat' dir='ltr'>ad</span> <span class='ocrx_word' id='word_1_200' title='bbox 734 1559 977 1601; x_wconf 90' lang='lat' dir='ltr'>Dominum</span> <span class='ocrx_word' id='word_1_201' title='bbox 1002 1559 1322 1600; x_wconf 91' lang='lat' dir='ltr'>dilectissimus</span> <span class='ocrx_word' id='word_1_202' title='bbox 1348 1560 1485 1600; x_wconf 89' lang='lat' dir='ltr'>frater</span> <span class='ocrx_word' id='word_1_203' title='bbox 1509 1568 1665 1600; x_wconf 88' lang='lat' dir='ltr'>noster</span> <span class='ocrx_word' id='word_1_204' title='bbox 1692 1561 1846 1600; x_wconf 84' lang='lat' dir='ltr'>Petrus</span> <span class='ocrx_word' id='word_1_205' title='bbox 1887 1570 1891 1590; x_wconf 77' lang='lat'><strong>¹</strong></span> 
     </span>
     <span class='ocr_line' id='line_1_24' title="bbox 215 1617 1891 1672; baseline 0 -14"><span class='ocrx_word' id='word_1_206' title='bbox 215 1617 331 1659; x_wconf 86' lang='lat' dir='ltr'>della</span> <span class='ocrx_word' id='word_1_207' title='bbox 355 1618 514 1667; x_wconf 89' lang='lat' dir='ltr'>Torre,</span> <span class='ocrx_word' id='word_1_208' title='bbox 542 1617 615 1670; x_wconf 87' lang='lat' dir='ltr'>qui</span> <span class='ocrx_word' id='word_1_209' title='bbox 640 1617 714 1659; x_wconf 90' lang='lat' dir='ltr'>vix</span> <span class='ocrx_word' id='word_1_210' title='bbox 737 1632 904 1659; x_wconf 93' lang='lat' dir='ltr'>annum</span> <span class='ocrx_word' id='word_1_211' title='bbox 930 1618 973 1658; x_wconf 90' lang='lat' dir='ltr'>in</span> <span class='ocrx_word' id='word_1_212' title='bbox 997 1618 1224 1661; x_wconf 88' lang='lat' dir='ltr'>Societate</span> <span class='ocrx_word' id='word_1_213' title='bbox 1248 1625 1400 1659; x_wconf 87' lang='lat' dir='ltr'>nostra</span> <span class='ocrx_word' id='word_1_214' title='bbox 1425 1631 1527 1660; x_wconf 89' lang='lat' dir='ltr'>cum</span> <span class='ocrx_word' id='word_1_215' title='bbox 1558 1631 1727 1670; x_wconf 88' lang='lat' dir='ltr'>magno</span> <span class='ocrx_word' id='word_1_216' title='bbox 1752 1631 1842 1672; x_wconf 91' lang='lat' dir='ltr'>pro·</span> <span class='ocrx_word' id='word_1_217' title='bbox 1890 1634 1891 1637; x_wconf 49' lang='lat'>¹</span> 
     </span>
     <span class='ocr_line' id='line_1_25' title="bbox 218 1675 1845 1731; baseline 0.001 -15"><span class='ocrx_word' id='word_1_218' title='bbox 218 1676 339 1718; x_wconf 86' lang='lat' dir='ltr'>fectu</span> <span class='ocrx_word' id='word_1_219' title='bbox 369 1676 589 1730; x_wconf 89' lang='lat' dir='ltr'>spirituali</span> <span class='ocrx_word' id='word_1_220' title='bbox 615 1683 911 1731; x_wconf 84' lang='lat' dir='ltr'>transegerat,</span> <span class='ocrx_word' id='word_1_221' title='bbox 940 1684 1176 1731; x_wconf 85' lang='lat' dir='ltr'>postquam</span> <span class='ocrx_word' id='word_1_222' title='bbox 1222 1677 1266 1718; x_wconf 90' lang='lat' dir='ltr'>in</span> <span class='ocrx_word' id='word_1_223' title='bbox 1296 1676 1488 1719; x_wconf 88' lang='lat' dir='ltr'>diuersis</span> <span class='ocrx_word' id='word_1_224' title='bbox 1517 1675 1769 1731; x_wconf 89' lang='lat' dir='ltr'>principum</span> <span class='ocrx_word' id='word_1_225' title='bbox 1797 1689 1845 1718; x_wconf 91' lang='lat' dir='ltr'>ac</span> 
     </span>
     <span class='ocr_line' id='line_1_26' title="bbox 220 1734 1842 1790; baseline 0 -15"><span class='ocrx_word' id='word_1_226' title='bbox 220 1749 378 1789; x_wconf 90' lang='lat' dir='ltr'>regum</span> <span class='ocrx_word' id='word_1_227' title='bbox 398 1735 510 1776; x_wconf 88' lang='lat' dir='ltr'>aulis</span> <span class='ocrx_word' id='word_1_228' title='bbox 528 1735 744 1778; x_wconf 88' lang='lat' dir='ltr'>didicerat</span> <span class='ocrx_word' id='word_1_229' title='bbox 767 1735 913 1777; x_wconf 86' lang='lat' dir='ltr'>omnia</span> <span class='ocrx_word' id='word_1_230' title='bbox 938 1735 1180 1778; x_wconf 86' lang='lat' dir='ltr'>vanitatem</span> <span class='ocrx_word' id='word_1_231' title='bbox 1204 1750 1304 1778; x_wconf 89' lang='lat' dir='ltr'>esse</span> <span class='ocrx_word' id='word_1_232' title='bbox 1331 1743 1508 1790; x_wconf 85' lang='lat' dir='ltr'>praeter</span> <span class='ocrx_word' id='word_1_233' title='bbox 1530 1734 1616 1776; x_wconf 88' lang='lat' dir='ltr'>soli</span> <span class='ocrx_word' id='word_1_234' title='bbox 1640 1737 1736 1777; x_wconf 89' lang='lat' dir='ltr'>Deo</span> <span class='ocrx_word' id='word_1_235' title='bbox 1760 1749 1842 1777; x_wconf 88' lang='lat' dir='ltr'>ser-</span> 
     </span>
     <span class='ocr_line' id='line_1_27' title="bbox 221 1793 1847 1849; baseline 0.001 -15"><span class='ocrx_word' id='word_1_236' title='bbox 221 1793 330 1845; x_wconf 90' lang='lat' dir='ltr'>uire,</span> <span class='ocrx_word' id='word_1_237' title='bbox 354 1800 398 1836; x_wconf 91' lang='lat' dir='ltr'>et</span> <span class='ocrx_word' id='word_1_238' title='bbox 421 1794 633 1836; x_wconf 83' lang='lat' dir='ltr'>humilem</span> <span class='ocrx_word' id='word_1_239' title='bbox 658 1794 727 1836; x_wconf 89' lang='lat' dir='ltr'>D.</span> <span class='ocrx_word' id='word_1_240' title='bbox 742 1796 884 1837; x_wconf 85' lang='lat' dir='ltr'>Iesvm</span> <span class='ocrx_word' id='word_1_241' title='bbox 910 1794 951 1835; x_wconf 91' lang='lat' dir='ltr'>in</span> <span class='ocrx_word' id='word_1_242' title='bbox 976 1794 1231 1836; x_wconf 88' lang='lat' dir='ltr'>humilitate</span> <span class='ocrx_word' id='word_1_243' title='bbox 1253 1795 1397 1849; x_wconf 86' lang='lat' dir='ltr'>sequi.</span> <span class='ocrx_word' id='word_1_244' title='bbox 1420 1795 1654 1849; x_wconf 86' lang='lat' dir='ltr'>Hispanus</span> <span class='ocrx_word' id='word_1_245' title='bbox 1677 1801 1787 1847; x_wconf 74' lang='lat' dir='ltr'>exat,</span> <span class='ocrx_word' id='word_1_246' title='bbox 1807 1800 1847 1836; x_wconf 89' lang='lat' dir='ltr'>et</span> 
     </span>
     <span class='ocr_line' id='line_1_28' title="bbox 217 1852 1891 1908; baseline 0.001 -16"><span class='ocrx_word' id='word_1_247' title='bbox 217 1855 359 1893; x_wconf 93' lang='lat' dir='ltr'>multo</span> <span class='ocrx_word' id='word_1_248' title='bbox 382 1859 585 1907; x_wconf 87' lang='lat' dir='ltr'>tempore</span> <span class='ocrx_word' id='word_1_249' title='bbox 609 1860 713 1895; x_wconf 90' lang='lat' dir='ltr'>ante</span> <span class='ocrx_word' id='word_1_250' title='bbox 733 1862 921 1896; x_wconf 87' lang='lat' dir='ltr'>mortem</span> <span class='ocrx_word' id='word_1_251' title='bbox 947 1853 1263 1908; x_wconf 90' lang='lat' dir='ltr'>grauissimam</span> <span class='ocrx_word' id='word_1_252' title='bbox 1287 1853 1496 1908; x_wconf 85' lang='lat' dir='ltr'>agoniam</span> <span class='ocrx_word' id='word_1_253' title='bbox 1521 1852 1752 1903; x_wconf 85' lang='lat' dir='ltr'>sustinuit,</span> <span class='ocrx_word' id='word_1_254' title='bbox 1773 1866 1845 1907; x_wconf 90' lang='lat' dir='ltr'>per</span> <span class='ocrx_word' id='word_1_255' title='bbox 1873 1864 1891 1904; x_wconf 60' lang='grc' dir='ltr'><strong>κ</strong></span> 
     </span>
     <span class='ocr_line' id='line_1_29' title="bbox 217 1912 1877 1966; baseline 0.002 -14"><span class='ocrx_word' id='word_1_256' title='bbox 217 1925 351 1964; x_wconf 90' lang='lat' dir='ltr'>quam</span> <span class='ocrx_word' id='word_1_257' title='bbox 383 1926 616 1965; x_wconf 87' lang='lat' dir='ltr'>speramus</span> <span class='ocrx_word' id='word_1_258' title='bbox 640 1927 796 1955; x_wconf 92' lang='lat' dir='ltr'>omnes</span> <span class='ocrx_word' id='word_1_259' title='bbox 819 1913 916 1953; x_wconf 89' lang='lat' dir='ltr'>eius</span> <span class='ocrx_word' id='word_1_260' title='bbox 947 1927 1115 1966; x_wconf 89' lang='lat' dir='ltr'>poenas</span> <span class='ocrx_word' id='word_1_261' title='bbox 1144 1912 1295 1954; x_wconf 88' lang='lat' dir='ltr'>diuina</span> <span class='ocrx_word' id='word_1_262' title='bbox 1320 1912 1627 1955; x_wconf 86' lang='lat' dir='ltr'>misericordia</span> <span class='ocrx_word' id='word_1_263' title='bbox 1651 1913 1877 1956; x_wconf 71' lang='lat' dir='ltr'>sublatas}</span> 
     </span>
     <span class='ocr_line' id='line_1_30' title="bbox 200 1959 1879 2026; baseline 0 -15"><span class='ocrx_word' id='word_1_264' title='bbox 200 1983 332 2023; x_wconf 59' lang='grc' dir='ltr'>Γ0550.</span> <span class='ocrx_word' id='word_1_265' title='bbox 367 1971 535 2012; x_wconf 87' lang='lat' dir='ltr'>Eodem</span> <span class='ocrx_word' id='word_1_266' title='bbox 569 1971 640 2013; x_wconf 90' lang='lat' dir='ltr'>die</span> <span class='ocrx_word' id='word_1_267' title='bbox 671 1985 794 2014; x_wconf 87' lang='lat' dir='ltr'>more</span> <span class='ocrx_word' id='word_1_268' title='bbox 824 1971 952 2012; x_wconf 91' lang='lat' dir='ltr'>solito</span> <span class='ocrx_word' id='word_1_269' title='bbox 981 1973 1241 2026; x_wconf 90' lang='lat' dir='ltr'>sepulturae</span> <span class='ocrx_word' id='word_1_270' title='bbox 1270 1972 1481 2013; x_wconf 91' lang='lat' dir='ltr'>traditum</span> <span class='ocrx_word' id='word_1_271' title='bbox 1510 1978 1579 2012; x_wconf 88' lang='lat' dir='ltr'>est</span> <span class='ocrx_word' id='word_1_272' title='bbox 1611 1984 1771 2024; x_wconf 81' lang='lat' dir='ltr'>corpus</span> <span class='ocrx_word' id='word_1_273' title='bbox 1802 1969 1840 2010; x_wconf 90' lang='lat' dir='ltr'>in</span> <span class='ocrx_word' id='word_1_274' title='bbox 1873 1959 1879 2009; x_wconf 76' lang='lat' dir='ltr'>l</span> 
     </span>
     <span class='ocr_line' id='line_1_31' title="bbox 218 2029 1891 2085; baseline -0.001 -14"><span class='ocrx_word' id='word_1_275' title='bbox 218 2029 407 2071; x_wconf 86' lang='lat' dir='ltr'>ecclesia</span> <span class='ocrx_word' id='word_1_276' title='bbox 437 2039 587 2071; x_wconf 86' lang='lat' dir='ltr'>nostra</span> <span class='ocrx_word' id='word_1_277' title='bbox 617 2038 721 2072; x_wconf 93' lang='lat' dir='ltr'>ante</span> <span class='ocrx_word' id='word_1_278' title='bbox 750 2044 976 2084; x_wconf 80' lang='lat' dir='ltr'>vesperas3</span> <span class='ocrx_word' id='word_1_279' title='bbox 1003 2038 1046 2072; x_wconf 93' lang='lat' dir='ltr'>et</span> <span class='ocrx_word' id='word_1_280' title='bbox 1072 2045 1149 2085; x_wconf 90' lang='lat' dir='ltr'>per</span> <span class='ocrx_word' id='word_1_281' title='bbox 1180 2039 1269 2072; x_wconf 83' lang='lat' dir='ltr'>tres</span> <span class='ocrx_word' id='word_1_282' title='bbox 1299 2030 1426 2073; x_wconf 87' lang='lat' dir='ltr'>dies</span> <span class='ocrx_word' id='word_1_283' title='bbox 1417 2030 1525 2072; x_wconf 82' lang='lat' dir='ltr'>iussi</span> <span class='ocrx_word' id='word_1_284' title='bbox 1553 2037 1660 2071; x_wconf 91' lang='lat' dir='ltr'>sunt</span> <span class='ocrx_word' id='word_1_285' title='bbox 1689 2030 1841 2070; x_wconf 85' lang='lat' dir='ltr'>fratres</span> <span class='ocrx_word' id='word_1_286' title='bbox 1873 2035 1891 2079; x_wconf 56' lang='grc' dir='ltr'>ζ’(</span> 
     </span>
     <span class='ocr_line' id='line_1_32' title="bbox 218 2087 1891 2143; baseline -0.001 -15"><span class='ocrx_word' id='word_1_287' title='bbox 218 2102 297 2141; x_wconf 90' lang='lat' dir='ltr'>pro</span> <span class='ocrx_word' id='word_1_288' title='bbox 321 2087 418 2129; x_wconf 90' lang='lat' dir='ltr'>eius</span> <span class='ocrx_word' id='word_1_289' title='bbox 440 2089 600 2141; x_wconf 87' lang='lat' dir='ltr'>salute,</span> <span class='ocrx_word' id='word_1_290' title='bbox 627 2104 783 2131; x_wconf 86' lang='lat' dir='ltr'>omnes</span> <span class='ocrx_word' id='word_1_291' title='bbox 805 2103 912 2130; x_wconf 89' lang='lat' dir='ltr'>suas</span> <span class='ocrx_word' id='word_1_292' title='bbox 936 2089 1163 2131; x_wconf 90' lang='lat' dir='ltr'>orationes</span> <span class='ocrx_word' id='word_1_293' title='bbox 1181 2096 1226 2132; x_wconf 89' lang='lat' dir='ltr'>et</span> <span class='ocrx_word' id='word_1_294' title='bbox 1249 2089 1464 2131; x_wconf 84' lang='lat' dir='ltr'>sacrificia</span> <span class='ocrx_word' id='word_1_295' title='bbox 1488 2089 1728 2143; x_wconf 90' lang='lat' dir='ltr'>applicare.</span> <span class='ocrx_word' id='word_1_296' title='bbox 1874 2099 1891 2143; x_wconf 37' lang='grc' dir='ltr'>ᾖ.</span> 
     </span>
    </p>

    <p class='ocr_par' dir='ltr' id='par_1_6' title="bbox 217 2146 1891 2483">
     <span class='ocr_line' id='line_1_33' title="bbox 312 2146 1891 2203; baseline 0 -15"><span class='ocrx_word' id='word_1_297' title='bbox 312 2146 378 2188; x_wconf 86' lang='lat'>16.</span> <span class='ocrx_word' id='word_1_298' title='bbox 411 2147 672 2201; x_wconf 88' lang='lat' dir='ltr'>Coeperunt</span> <span class='ocrx_word' id='word_1_299' title='bbox 701 2147 745 2188; x_wconf 92' lang='lat' dir='ltr'>in</span> <span class='ocrx_word' id='word_1_300' title='bbox 770 2148 964 2201; x_wconf 90' lang='lat' dir='ltr'>collegio</span> <span class='ocrx_word' id='word_1_301' title='bbox 994 2156 1148 2190; x_wconf 90' lang='lat' dir='ltr'>nostro</span> <span class='ocrx_word' id='word_1_302' title='bbox 1178 2148 1391 2190; x_wconf 87' lang='lat' dir='ltr'>exercitia</span> <span class='ocrx_word' id='word_1_303' title='bbox 1421 2147 1671 2203; x_wconf 89' lang='lat' dir='ltr'>spiritualia</span> <span class='ocrx_word' id='word_1_304' title='bbox 1701 2147 1842 2189; x_wconf 88' lang='lat' dir='ltr'>facere</span> <span class='ocrx_word' id='word_1_305' title='bbox 1873 2153 1891 2195; x_wconf 55' lang='lat' dir='ltr'>ff:</span> 
     </span>
     <span class='ocr_line' id='line_1_34' title="bbox 218 2205 1888 2260; baseline -0.002 -14"><span class='ocrx_word' id='word_1_306' title='bbox 218 2205 274 2246; x_wconf 83' lang='lat'>26</span> <span class='ocrx_word' id='word_1_307' title='bbox 299 2206 458 2248; x_wconf 89' lang='lat' dir='ltr'>fratres</span> <span class='ocrx_word' id='word_1_308' title='bbox 486 2213 563 2247; x_wconf 91' lang='lat' dir='ltr'>aut</span> <span class='ocrx_word' id='word_1_309' title='bbox 591 2221 644 2248; x_wconf 93' lang='lat' dir='ltr'>eo</span> <span class='ocrx_word' id='word_1_310' title='bbox 674 2206 808 2257; x_wconf 87' lang='lat' dir='ltr'>circa,</span> <span class='ocrx_word' id='word_1_311' title='bbox 836 2207 911 2260; x_wconf 92' lang='lat' dir='ltr'>qui</span> <span class='ocrx_word' id='word_1_312' title='bbox 941 2207 984 2247; x_wconf 92' lang='lat' dir='ltr'>in</span> <span class='ocrx_word' id='word_1_313' title='bbox 1009 2206 1200 2250; x_wconf 91' lang='lat' dir='ltr'>diuersis</span> <span class='ocrx_word' id='word_1_314' title='bbox 1232 2207 1454 2248; x_wconf 88' lang='lat' dir='ltr'>cubiculis</span> <span class='ocrx_word' id='word_1_315' title='bbox 1478 2205 1711 2248; x_wconf 90' lang='lat' dir='ltr'>constituti</span> <span class='ocrx_word' id='word_1_316' title='bbox 1736 2219 1839 2246; x_wconf 90' lang='lat' dir='ltr'>non-</span> <span class='ocrx_word' id='word_1_317' title='bbox 1872 2206 1888 2243; x_wconf 64' lang='lat' dir='ltr'>i.</span> 
     </span>
     <span class='ocr_line' id='line_1_35' title="bbox 218 2263 1891 2321; baseline 0 -18"><span class='ocrx_word' id='word_1_318' title='bbox 218 2263 301 2304; x_wconf 92' lang='lat' dir='ltr'>nisi</span> <span class='ocrx_word' id='word_1_319' title='bbox 325 2263 368 2304; x_wconf 92' lang='lat' dir='ltr'>in</span> <span class='ocrx_word' id='word_1_320' title='bbox 394 2264 580 2318; x_wconf 91' lang='lat' dir='ltr'>prandio</span> <span class='ocrx_word' id='word_1_321' title='bbox 602 2272 647 2307; x_wconf 92' lang='lat' dir='ltr'>et</span> <span class='ocrx_word' id='word_1_322' title='bbox 669 2279 809 2307; x_wconf 88' lang='lat' dir='ltr'>coena</span> <span class='ocrx_word' id='word_1_323' title='bbox 832 2266 1086 2320; x_wconf 84' lang='lat' dir='ltr'>prodibant,</span> <span class='ocrx_word' id='word_1_324' title='bbox 1114 2273 1330 2321; x_wconf 91' lang='lat' dir='ltr'>tanquam</span> <span class='ocrx_word' id='word_1_325' title='bbox 1356 2266 1524 2320; x_wconf 79' lang='lat' dir='ltr'>angeli,</span> <span class='ocrx_word' id='word_1_326' title='bbox 1550 2267 1605 2308; x_wconf 89' lang='lat' dir='ltr'>ad</span> <span class='ocrx_word' id='word_1_327' title='bbox 1639 2263 1837 2308; x_wconf 30' lang='lat' dir='ltr'>refectio*</span> <span class='ocrx_word' id='word_1_328' title='bbox 1874 2263 1891 2315; x_wconf 58' lang='lat'>&#39;³23</span> 
     </span>
     <span class='ocr_line' id='line_1_36' title="bbox 218 2322 1891 2379; baseline 0.001 -16"><span class='ocrx_word' id='word_1_329' title='bbox 218 2336 336 2372; x_wconf 85' lang='lat' dir='ltr'>nem,</span> <span class='ocrx_word' id='word_1_330' title='bbox 363 2330 407 2364; x_wconf 88' lang='lat' dir='ltr'>et</span> <span class='ocrx_word' id='word_1_331' title='bbox 431 2323 604 2377; x_wconf 87' lang='lat' dir='ltr'>vesperi</span> <span class='ocrx_word' id='word_1_332' title='bbox 627 2324 683 2365; x_wconf 92' lang='lat' dir='ltr'>ad</span> <span class='ocrx_word' id='word_1_333' title='bbox 706 2324 937 2367; x_wconf 88' lang='lat' dir='ltr'>laetanias:</span> <span class='ocrx_word' id='word_1_334' title='bbox 960 2324 1068 2366; x_wconf 90' lang='lat' dir='ltr'>iussi</span> <span class='ocrx_word' id='word_1_335' title='bbox 1087 2339 1243 2366; x_wconf 89' lang='lat' dir='ltr'>sumus</span> <span class='ocrx_word' id='word_1_336' title='bbox 1268 2325 1443 2379; x_wconf 88' lang='lat' dir='ltr'>proillis</span> <span class='ocrx_word' id='word_1_337' title='bbox 1467 2339 1627 2379; x_wconf 87' lang='lat' dir='ltr'>rogare</span> <span class='ocrx_word' id='word_1_338' title='bbox 1651 2322 1836 2378; x_wconf 87' lang='lat' dir='ltr'>quoties·</span> <span class='ocrx_word' id='word_1_339' title='bbox 1873 2326 1891 2365; x_wconf 64' lang='lat'>3:</span> 
     </span>
     <span class='ocr_line' id='line_1_37' title="bbox 217 2379 1891 2438; baseline -0.001 -15"><span class='ocrx_word' id='word_1_340' title='bbox 217 2395 398 2434; x_wconf 87' lang='lat' dir='ltr'>cunque</span> <span class='ocrx_word' id='word_1_341' title='bbox 435 2382 683 2425; x_wconf 85' lang='lat' dir='ltr'>faceremus</span> <span class='ocrx_word' id='word_1_342' title='bbox 712 2383 978 2435; x_wconf 86' lang='lat' dir='ltr'>orationem,</span> <span class='ocrx_word' id='word_1_343' title='bbox 1010 2398 1159 2437; x_wconf 92' lang='lat' dir='ltr'>neque</span> <span class='ocrx_word' id='word_1_344' title='bbox 1195 2384 1316 2438; x_wconf 89' lang='lat' dir='ltr'>loqui</span> <span class='ocrx_word' id='word_1_345' title='bbox 1344 2398 1445 2425; x_wconf 89' lang='lat' dir='ltr'>cum</span> <span class='ocrx_word' id='word_1_346' title='bbox 1477 2383 1562 2425; x_wconf 88' lang='lat' dir='ltr'>illis</span> <span class='ocrx_word' id='word_1_347' title='bbox 1596 2390 1673 2425; x_wconf 90' lang='lat' dir='ltr'>aut</span> <span class='ocrx_word' id='word_1_348' title='bbox 1704 2389 1837 2424; x_wconf 88' lang='lat' dir='ltr'>trans·</span> <span class='ocrx_word' id='word_1_349' title='bbox 1873 2379 1891 2427; x_wconf 65' lang='grc' dir='ltr'>ἐς</span> 
     </span>
     <span class='ocr_line' id='line_1_38' title="bbox 217 2440 1891 2483; baseline 0.001 0"><span class='ocrx_word' id='word_1_350' title='bbox 217 2446 379 2483; x_wconf 89' lang='lat' dir='ltr'>euntes</span> <span class='ocrx_word' id='word_1_351' title='bbox 402 2440 570 2483; x_wconf 88' lang='lat' dir='ltr'>videre.</span> <span class='ocrx_word' id='word_1_352' title='bbox 1890 2443 1891 2446; x_wconf 69' lang='grc'>’</span> 
     </span>
    </p>

    <p class='ocr_par' dir='ltr' id='par_1_7' title="bbox 311 2499 1313 2554">
     <span class='ocr_line' id='line_1_39' title="bbox 311 2499 1313 2554; baseline 0.002 -13"><span class='ocrx_word' id='word_1_353' title='bbox 311 2509 378 2551; x_wconf 90' lang='lat'>17.</span> <span class='ocrx_word' id='word_1_354' title='bbox 406 2500 475 2541; x_wconf 89' lang='lat' dir='ltr'>Ad</span> <span class='ocrx_word' id='word_1_355' title='bbox 501 2499 742 2554; x_wconf 83' lang='lat' dir='ltr'>collegium</span> <span class='ocrx_word' id='word_1_356' title='bbox 766 2500 888 2542; x_wconf 87' lang='lat' dir='ltr'>venit</span> <span class='ocrx_word' id='word_1_357' title='bbox 913 2501 1103 2542; x_wconf 92' lang='lat' dir='ltr'>Ioannes</span> <span class='ocrx_word' id='word_1_358' title='bbox 1124 2502 1313 2544; x_wconf 88' lang='lat' dir='ltr'>flander.</span> 
     </span>
    </p>

    <p class='ocr_par' dir='ltr' id='par_1_8' title="bbox 307 2554 1891 2603">
     <span class='ocr_line' id='line_1_40' title="bbox 307 2554 1891 2603; baseline -0.002 -5"><span class='ocrx_word' id='word_1_359' title='bbox 307 2569 361 2598; x_wconf 86' lang='lat'>20</span> <span class='ocrx_word' id='word_1_360' title='bbox 384 2565 428 2599; x_wconf 92' lang='lat' dir='ltr'>et</span> <span class='ocrx_word' id='word_1_361' title='bbox 452 2570 523 2600; x_wconf 87' lang='lat'>21.</span> <span class='ocrx_word' id='word_1_362' title='bbox 552 2559 726 2602; x_wconf 87' lang='lat' dir='ltr'>Omnes</span> <span class='ocrx_word' id='word_1_363' title='bbox 760 2559 1063 2601; x_wconf 87' lang='lat' dir='ltr'>exercitantes</span> <span class='ocrx_word' id='word_1_364' title='bbox 1091 2560 1286 2603; x_wconf 88' lang='lat' dir='ltr'>confessi</span> <span class='ocrx_word' id='word_1_365' title='bbox 1316 2571 1421 2602; x_wconf 86' lang='lat' dir='ltr'>sunt</span> <span class='ocrx_word' id='word_1_366' title='bbox 1453 2561 1503 2602; x_wconf 87' lang='lat' dir='ltr'>R.</span> <span class='ocrx_word' id='word_1_367' title='bbox 1534 2561 1583 2601; x_wconf 91' lang='lat' dir='ltr'>P.</span> <span class='ocrx_word' id='word_1_368' title='bbox 1613 2555 1833 2600; x_wconf 88' lang='lat' dir='ltr'>Cornelio.</span> <span class='ocrx_word' id='word_1_369' title='bbox 1889 2554 1891 2595; x_wconf 82' lang='lat' dir='ltr'>i</span> 
     </span>
    </p>

    <p class='ocr_par' dir='ltr' id='par_1_9' title="bbox 216 2613 1891 2787">
     <span class='ocr_line' id='line_1_41' title="bbox 306 2613 1891 2671; baseline -0.003 -14"><span class='ocrx_word' id='word_1_370' title='bbox 306 2627 376 2669; x_wconf 86' lang='lat'>23.</span> <span class='ocrx_word' id='word_1_371' title='bbox 416 2617 599 2671; x_wconf 87' lang='lat' dir='ltr'>Egressi</span> <span class='ocrx_word' id='word_1_372' title='bbox 634 2625 739 2660; x_wconf 91' lang='lat' dir='ltr'>sunt</span> <span class='ocrx_word' id='word_1_373' title='bbox 774 2618 1074 2661; x_wconf 84' lang='lat' dir='ltr'>exercitantes</span> <span class='ocrx_word' id='word_1_374' title='bbox 1107 2633 1210 2660; x_wconf 91' lang='lat' dir='ltr'>cum</span> <span class='ocrx_word' id='word_1_375' title='bbox 1245 2633 1364 2660; x_wconf 91' lang='lat' dir='ltr'>nouo</span> <span class='ocrx_word' id='word_1_376' title='bbox 1397 2621 1591 2662; x_wconf 88' lang='lat' dir='ltr'>feruore.</span> <span class='ocrx_word' id='word_1_377' title='bbox 1625 2613 1835 2669; x_wconf 90' lang='lat' dir='ltr'>Sequenti</span> <span class='ocrx_word' id='word_1_378' title='bbox 1873 2623 1891 2654; x_wconf 67' lang='lat'>⁴3</span> 
     </span>
     <span class='ocr_line' id='line_1_42' title="bbox 216 2674 1889 2735; baseline 0.001 -22"><span class='ocrx_word' id='word_1_379' title='bbox 216 2688 323 2717; x_wconf 90' lang='lat' dir='ltr'>vero</span> <span class='ocrx_word' id='word_1_380' title='bbox 357 2675 428 2717; x_wconf 91' lang='lat' dir='ltr'>die</span> <span class='ocrx_word' id='word_1_381' title='bbox 462 2676 534 2717; x_wconf 91' lang='lat' dir='ltr'>alii</span> <span class='ocrx_word' id='word_1_382' title='bbox 568 2676 685 2718; x_wconf 89' lang='lat' dir='ltr'>circa</span> <span class='ocrx_word' id='word_1_383' title='bbox 718 2676 879 2731; x_wconf 90' lang='lat' dir='ltr'>viginti</span> <span class='ocrx_word' id='word_1_384' title='bbox 913 2684 1250 2728; x_wconf 86' lang='lat' dir='ltr'>successerunt,</span> <span class='ocrx_word' id='word_1_385' title='bbox 1286 2687 1330 2719; x_wconf 89' lang='lat' dir='ltr'>et</span> <span class='ocrx_word' id='word_1_386' title='bbox 1358 2676 1654 2732; x_wconf 88' lang='lat' dir='ltr'>sequentibus</span> <span class='ocrx_word' id='word_1_387' title='bbox 1685 2674 1835 2716; x_wconf 89' lang='lat' dir='ltr'>diebus</span> <span class='ocrx_word' id='word_1_388' title='bbox 1872 2687 1889 2735; x_wconf 24' lang='grc'>’1</span> 
     </span>
     <span class='ocr_line' id='line_1_43' title="bbox 216 2732 522 2787; baseline 0.007 -13"><span class='ocrx_word' id='word_1_389' title='bbox 216 2732 290 2774; x_wconf 86' lang='lat' dir='ltr'>alii</span> <span class='ocrx_word' id='word_1_390' title='bbox 315 2741 522 2787; x_wconf 86' lang='lat' dir='ltr'>quatuor.</span> 
     </span>
    </p>

    <p class='ocr_par' dir='ltr' id='par_1_10' title="bbox 214 2788 1891 2908">
     <span class='ocr_line' id='line_1_44' title="bbox 304 2788 1833 2849; baseline -0.002 -16"><span class='ocrx_word' id='word_1_391' title='bbox 304 2793 374 2843; x_wconf 86' lang='lat'>28,</span> <span class='ocrx_word' id='word_1_392' title='bbox 401 2793 477 2847; x_wconf 93' lang='lat' dir='ltr'>qui</span> <span class='ocrx_word' id='word_1_393' title='bbox 501 2800 596 2836; x_wconf 92' lang='lat' dir='ltr'>erat</span> <span class='ocrx_word' id='word_1_394' title='bbox 620 2794 784 2835; x_wconf 88' lang='lat' dir='ltr'>festum</span> <span class='ocrx_word' id='word_1_395' title='bbox 816 2796 870 2837; x_wconf 90' lang='lat' dir='ltr'>D.</span> <span class='ocrx_word' id='word_1_396' title='bbox 900 2793 1148 2849; x_wconf 85' lang='lat' dir='ltr'>Augustini</span> <span class='ocrx_word' id='word_1_397' title='bbox 1172 2794 1412 2849; x_wconf 90' lang='lat' dir='ltr'>impositus</span> <span class='ocrx_word' id='word_1_398' title='bbox 1441 2800 1510 2837; x_wconf 95' lang='lat' dir='ltr'>est</span> <span class='ocrx_word' id='word_1_399' title='bbox 1533 2793 1635 2835; x_wconf 87' lang='lat' dir='ltr'>finis</span> <span class='ocrx_word' id='word_1_400' title='bbox 1658 2806 1735 2847; x_wconf 92' lang='lat' dir='ltr'>per</span> <span class='ocrx_word' id='word_1_401' title='bbox 1757 2788 1833 2832; x_wconf 91' lang='lat' dir='ltr'>Dei</span> 
     </span>
     <span class='ocr_line' id='line_1_45' title="bbox 214 2849 1831 2908; baseline -0.001 -18"><span class='ocrx_word' id='word_1_402' title='bbox 214 2851 405 2904; x_wconf 90' lang='lat' dir='ltr'>gratiam</span> <span class='ocrx_word' id='word_1_403' title='bbox 429 2852 553 2894; x_wconf 86' lang='lat' dir='ltr'>libris</span> <span class='ocrx_word' id='word_1_404' title='bbox 574 2854 668 2895; x_wconf 83' lang='lat' dir='ltr'>«De</span> <span class='ocrx_word' id='word_1_405' title='bbox 697 2853 890 2908; x_wconf 82' lang='lat' dir='ltr'>anima»,</span> <span class='ocrx_word' id='word_1_406' title='bbox 927 2853 1201 2908; x_wconf 81' lang='lat' dir='ltr'>Aristotelis,</span> <span class='ocrx_word' id='word_1_407' title='bbox 1228 2860 1273 2896; x_wconf 87' lang='lat' dir='ltr'>et</span> <span class='ocrx_word' id='word_1_408' title='bbox 1303 2853 1383 2894; x_wconf 82' lang='lat' dir='ltr'>toti</span> <span class='ocrx_word' id='word_1_409' title='bbox 1408 2852 1558 2895; x_wconf 87' lang='lat' dir='ltr'>cursui</span> <span class='ocrx_word' id='word_1_410' title='bbox 1589 2851 1765 2901; x_wconf 81' lang='lat' dir='ltr'>artium3</span> <span class='ocrx_word' id='word_1_411' title='bbox 1790 2849 1831 2890; x_wconf 89' lang='lat' dir='ltr'>in</span> 
     </span>
    </p>
   </div>
   <div class='ocr_carea' id='block_1_3' title="bbox 215 2988 1891 3086">
    <p class='ocr_par' dir='ltr' id='par_1_11' title="bbox 215 2988 1891 3086">
     <span class='ocr_line' id='line_1_46' title="bbox 286 2988 1891 3038; baseline -0.001 -13"><span class='ocrx_word' id='word_1_412' title='bbox 286 3001 301 3016; x_wconf 73' lang='grc' dir='ltr'>υ</span> <span class='ocrx_word' id='word_1_413' title='bbox 351 2992 445 3025; x_wconf 86' lang='lat' dir='ltr'>haec</span> <span class='ocrx_word' id='word_1_414' title='bbox 470 3002 535 3026; x_wconf 89' lang='lat' dir='ltr'>ero</span> <span class='ocrx_word' id='word_1_415' title='bbox 559 3002 649 3035; x_wconf 86' lang='lat' dir='ltr'>ms.,·</span> <span class='ocrx_word' id='word_1_416' title='bbox 666 2992 720 3035; x_wconf 90' lang='lat' dir='ltr'>cf.</span> <span class='ocrx_word' id='word_1_417' title='bbox 743 2996 878 3027; x_wconf 81' lang='lat' dir='ltr'>annot.</span> <span class='ocrx_word' id='word_1_418' title='bbox 907 3004 940 3029; x_wconf 88' lang='lat'>0.</span> <span class='ocrx_word' id='word_1_419' title='bbox 994 3002 1059 3021; x_wconf 73' lang='lat' dir='ltr'>—V</span> <span class='ocrx_word' id='word_1_420' title='bbox 1088 2993 1172 3027; x_wconf 85' lang='lat' dir='ltr'>Hoc</span> <span class='ocrx_word' id='word_1_421' title='bbox 1196 2994 1358 3028; x_wconf 81' lang='lat' dir='ltr'>verbum</span> <span class='ocrx_word' id='word_1_422' title='bbox 1385 2993 1420 3027; x_wconf 88' lang='lat' dir='ltr'>ei</span> <span class='ocrx_word' id='word_1_423' title='bbox 1441 2991 1657 3038; x_wconf 84' lang='lat' dir='ltr'>suffectum</span> <span class='ocrx_word' id='word_1_424' title='bbox 1683 2994 1736 3026; x_wconf 84' lang='lat' dir='ltr'>est</span> <span class='ocrx_word' id='word_1_425' title='bbox 1759 2988 1831 3024; x_wconf 78' lang='lat' dir='ltr'>alii</span> <span class='ocrx_word' id='word_1_426' title='bbox 1889 3002 1891 3010; x_wconf 93' lang='grc'><em>·</em></span> 
     </span>
     <span class='ocr_line' id='line_1_47' title="bbox 215 3038 1184 3086; baseline 0.004 -15"><span class='ocrx_word' id='word_1_427' title='bbox 215 3039 319 3082; x_wconf 73' lang='lat' dir='ltr'>quod</span> <span class='ocrx_word' id='word_1_428' title='bbox 338 3038 418 3084; x_wconf 80' lang='lat' dir='ltr'>legi</span> <span class='ocrx_word' id='word_1_429' title='bbox 436 3040 584 3084; x_wconf 80' lang='lat' dir='ltr'>nequit:</span> <span class='ocrx_word' id='word_1_430' title='bbox 600 3050 734 3074; x_wconf 80' lang='lat' dir='ltr'>sensus</span> <span class='ocrx_word' id='word_1_431' title='bbox 746 3041 903 3086; x_wconf 82' lang='lat' dir='ltr'>exigere</span> <span class='ocrx_word' id='word_1_432' title='bbox 918 3041 1078 3075; x_wconf 80' lang='lat' dir='ltr'>videtur</span> <span class='ocrx_word' id='word_1_433' title='bbox 1097 3051 1184 3075; x_wconf 80' lang='lat' dir='ltr'>non.</span> 
     </span>
    </p>
   </div>
  </div>
 </body>
</html>
