1891 3292
596 189 734 224 EPIST.
755 188 933 233 233.—27
959 191 1069 235 JuLu
1102 199 1187 234 1575
1590 192 1658 234 '349

160 305 200 335 2.
268 292 355 334 All'
378 291 533 332 Vltima
557 292 642 331 che
665 291 723 330 ho
746 289 951 332 riceuuta
975 292 1029 333 de
1054 293 1108 334 V.
1140 294 1188 334 P.
1213 293 1267 335 de
1298 293 1347 334 18
1378 293 1433 335 de
1455 292 1644 346 Giugno
1670 291 1700 342 ³,

75 386 149 427 per
170 371 209 411 la
233 370 364 423 quale
388 368 423 409 si
448 367 658 422 risponde
681 383 706 408 a
729 367 897 408 diuersi
922 369 1019 423 capi
1038 369 1092 410 da
1118 384 1188 412 me
1212 369 1469 419 consultati,
1493 383 1604 423 poco
1628 383 1703 410 30-

72 448 231 490 cadera
255 446 489 500 replicare,
517 444 682 499 poiche
705 444 823 485 deuo
847 445 970 487 detta
999 445 1190 499 risposta
1219 445 1493 487 abbraciarla
1522 460 1606 486 con
1631 446 1703 487 de—

78 524 273 575 uotione;
300 530 344 564 et
367 537 414 564 se
445 521 619 576 piacera
650 537 674 563 a
697 521 785 562 Dio
819 522 904 563 che
932 522 971 562 ci
1000 522 1208 563 vediamo
1242 538 1299 563 vn
1334 523 1512 576 giorno,
1540 523 1638 565 diro
1662 522 1704 563 in

76 600 297 657 presentia
316 599 404 641 mio
423 613 599 654 parere,
626 599 670 639 in
696 599 845 653 quello
869 600 951 641 che
975 599 1032 639 mi
1064 599 1219 653 parera
1250 601 1367 642 deuo
1398 607 1707 654 representare

75 694 101 721 a
122 679 178 721 V.
209 679 258 719 P.
285 678 546 721 Solamente
571 675 822 730 proponere
847 689 932 716 vna
956 689 1060 717 cosa
1084 690 1161 730 per
1186 677 1346 718 adesso
1369 691 1502 730 sopra
1534 675 1628 718 16).ἃ
1652 677 1704 717 ri-

75 762 241 810 sposta,
269 755 386 796 doue
407 754 460 795 V.
494 755 545 795 P.
571 753 610 794 ci
635 753 812 795 rimette
835 752 920 793 alla
945 752 1031 804 2.a,
1061 751 1129 806 3.ἃ
1158 761 1203 794 et
1232 754 1302 805 4³
1334 754 1495 797 facolta
1525 754 1701 794 ordina-

78 833 137 874 ria
161 832 233 874 del
256 830 523 886 prouincial,
545 831 628 871 che
651 831 770 870 doue
787 828 887 869 dice
911 842 1041 883 possa
1064 829 1107 871 in
1133 829 1351 883 grauibus
1374 838 1417 871 et
1443 830 1709 884 vrgentibus

77 909 255 951 casibus
277 922 356 951 eos
378 908 512 949 etiam
543 906 787 956 dimittere,
819 905 896 959 qui
924 906 967 946 in
1001 906 1295 948 scholasticos
1325 907 1593 960 approbatos
1624 907 1704 947 ad-

80 986 199 1028 missi
227 993 333 1026 sunt
362 986 418 1026 ab
450 984 547 1039 ipso
581 984 651 1025 vel
683 983 988 1036 inferioribus,
1022 998 1069 1025 se
1101 982 1138 1024 si
1171 983 1407 1024 intenderit
1440 982 1571 1023 etiam
1607 983 1709 1025 delli

79 1063 326 1106 coadiutori
353 1061 588 1117 temporali
616 1076 642 1102 0
675 1060 895 1116 spirituali
926 1074 1015 1102 non
1048 1060 1240 1110 formati,
1267 1059 1387 1113 quali
1410 1074 1570 1100 sarano
1604 1060 1707 1100 stati

82 1142 163 1183 alle
186 1141 307 1182 volte
330 1139 393 1182 sei
417 1148 461 1182 et
483 1146 577 1180 otto
600 1139 704 1180 anni
730 1139 846 1180 nella
865 1137 1163 1192 Compagffla,
1182 1151 1270 1177 non
1292 1138 1399 1190 pero
1423 1135 1613 1177 riceuuti
1637 1136 1709 1177 nel

83 1232 218 1272 corpo
241 1219 389 1260 d'essa
415 1232 491 1271 per
513 1215 762 1257 coadiutori
788 1214 979 1256 formati.
1019 1215 1074 1255 Et
1104 1222 1400 1267 quantunque
1436 1213 1611 1255 videtur
1635 1227 1703 1255 ea-

84 1297 181 1338 dem
201 1295 313 1336 ratio
335 1295 393 1335 de
414 1293 561 1348 questi
585 1301 629 1336 et
652 1292 755 1334 delli
780 1292 975 1333 scholari
1000 1291 1249 1346 approuafi,
1283 1290 1381 1332 anzi
1407 1292 1490 1332 che
1513 1304 1597 1330 con
1623 1305 1712 1331 rna-

85 1373 182 1428 gior
205 1371 370 1414 facilita
394 1371 430 1412 si
456 1371 758 1426 pottrebbono
781 1369 956 1411 cacciar
979 1384 1004 1409 o
1027 1368 1189 1410 lasciar
1219 1368 1356 1409 andar
1386 1367 1531 1421 questi
1564 1366 1607 1407 in
1640 1367 1713 1407 tali

86 1450 190 1501 casi,
218 1464 306 1491 non
331 1449 523 1491 essendo
540 1447 792 1502 approuati,
816 1446 1006 1488 tuttavia
1024 1460 1102 1501 per
1125 1446 1153 1486 il
1177 1445 1314 1486 dubio
1332 1458 1420 1485 non
1446 1444 1486 1485 ci
1508 1444 1710 1486 estende-

88 1528 224 1570 riamo
252 1526 489 1570 volontieri
518 1541 542 1567 a
572 1526 736 1579 questi,
769 1539 817 1566 se
847 1538 935 1565 non
970 1524 1011 1564 lo
1050 1523 1264 1566 dechiara
1299 1524 1353 1564 V.
1392 1524 1460 1573 P.;
1488 1529 1532 1562 et
1567 1529 1715 1562 tamen

23 1626 40 1647 -'
89 1605 233 1661 questi
259 1605 333 1647 tali
365 1619 475 1646 sono
503 1604 639 1658 quelli
670 1605 754 1645 che
787 1604 864 1658 piu
894 1602 1132 1644 occasione
1161 1600 1200 1641 ci
1226 1601 1376 1640 hanno
1404 1599 1524 1640 dato.
1552 1598 1716 1652 Quello

86 1685 169 1726 che
192 1683 371 1737 seguita
395 1683 513 1724 nella
536 1680 607 1734 4²²
632 1682 813 1734 facolta‚
840 1680 883 1721 id
907 1687 991 1730 est,
1013 1677 1313 1721 Coadiutores
1331 1686 1478 1718 autem
1505 1676 1718 1715 formatos

87 1770 130 1804 et
153 1762 381 1816 professos
400 1759 558 1802 nullibi
576 1758 728 1802 licebit
746 1758 972 1799 dimittere
992 1756 1087 1798 sine
1107 1754 1331 1810 generalis
1349 1767 1590 1804 consensu,
1614 1766 1717 1805 pare

88 1840 168 1880 che
204 1838 357 1880 mostri
387 1836 570 1879 douersi
600 1836 835 1878 intendere
864 1843 982 1876 sotto
1015 1834 1027 1874 i
1067 1832 1260 1875 scholari
1295 1830 1546 1885 approuati,
1582 1829 1715 1871 etiam

88 1915 220 1970 quelli
243 1914 495 1957 coadiutori
520 1915 604 1956 che
628 1928 718 1955 non
744 1928 856 1955 sono
881 1911 1076 1954 formati.
1106 1912 1194 1951 Pur
1217 1911 1257 1950 la
1288 1908 1476 1962 risposta
1500 1907 1555 1948 de
1579 1906 1635 1947 V.
1666 1907 1717 1946 P.

91 1993 129 2034 ci
151 1993 303 2035 leuara
326 1993 355 2033 il
379 1992 519 2034 dubio
545 1991 576 2034 ⁴.

178 2084 218 2124 3.
286 2072 332 2112 In
356 2078 519 2124 questo
544 2083 672 2111 mezo
696 2068 949 2123 proponere
979 2067 1068 2115 doi,
1095 2067 1178 2106 che
1212 2064 1250 2104 ci
1281 2062 1564 2104 domandano
1588 2059 1723 2102 esser'

92 2147 323 2198 licentiati,
350 2156 394 2189 et
419 2161 506 2188 non
530 2161 578 2188 se
601 2146 630 2186 li
660 2146 684 2187 6
707 2146 810 2186 data
840 2144 1027 2194 licenza‚
1055 2150 1180 2197 parte
1211 2154 1287 2195 per
1317 2140 1451 2181 veder
1477 2135 1720 2186 d'aiutarli,

96 2234 215 2279 parte
234 2240 311 2280 per
336 2239 427 2266 non
453 2232 577 2266 tener
607 2237 735 2265 come
757 2237 863 2264 cosa
887 2228 1010 2264 certa
1040 2218 1253 2260 ch'habia
1283 2217 1445 2257 facolta
1474 2215 1502 2254 il
1543 2213 1721 2268 prouin-

93 2302 217 2345 ciale.
241 2303 342 2344 Vno
360 2309 377 2326 ²
394 2302 475 2344 ein
498 2302 716 2352 Palermo‚
736 2300 961 2341 chiamato
973 2297 1173 2354 Josepho
1192 2293 1458 2343 Intrasalu03
1480 2292 1592 2333 altro
1612 2290 1633 2331 e
1647 2289 1727 2343 qui

95 2379 138 2421 in
169 2380 372 2431 Catania‚
407 2379 633 2421 chiamato
667 2377 809 2420 Mario
847 2376 1057 2419 Gerrera.
1102 2374 1133 2414 Il
1169 2386 1309 2427 primo
1347 2371 1371 2412 e
1404 2369 1637 2410 coadiutor
1670 2367 1726 2407 de

96 2458 377 2511 qualch'otto
401 2456 506 2498 anni
530 2457 586 2498 de
609 2454 908 2509 Compagnia⁷
945 2452 1031 2493 mal
1057 2464 1183 2501 sano,
1210 2457 1254 2491 et
1278 2448 1414 2488 ch’ha
1438 2446 1542 2486 dato
1566 2445 1622 2485 da
1647 2444 1726 2486 far'

98 2548 123 2575 a
144 2534 307 2577 diuersi
332 2533 571 2588 superiori,
597 2540 642 2574 et
664 2532 707 2573 lo
729 2532 785 2573 (13
808 2532 848 2572 31
873 2536 1083 2585 presente
1101 2529 1142 2568 al
1169 2527 1216 2568 P.
1248 2525 1403 2576 Paulo,
1432 2532 1728 2576 quantunque

100 2611 439 2664 patientissimo,
464 2618 507 2652 et
535 2609 571 2651 si
595 2609 776 2665 giudica
801 2622 913 2663 poco
938 2614 1033 2648 atto
1058 2605 1357 2646 instromento
1382 2615 1455 2654 per
1476 2600 1514 2640 13
1540 2599 1729 2652 Compa-

168 2770 184 2787 a
233 2761 318 2795 Vna
335 2773 407 2796 ms·

169 2894 182 2913 ³
232 2892 294 2928 Cf.
316 2892 429 2938 epist.
452 2900 534 2936 229,
556 2895 686 2925 annot.
713 2899 743 2935 13
768 2896 807 2923 et
827 2888 909 2929 230,
931 2892 1063 2921 annot.
1088 2895 1121 2921 2.

169 2952 183 2971 4
230 2952 363 2998 Resp.:
385 2952 416 2986 si
436 2951 572 2986 eadem
591 2951 711 2984 instet
729 2949 826 2983 ratio
845 2958 1004 2991 urgens,
1024 2943 1183 2990 perinde
1204 2949 1317 2988 atque
1332 2940 1584 2990 scholasticos
1600 2949 1732 2984 appro-

103 3011 209 3045 batos
228 3023 314 3046 esse
332 3009 634 3046 considerandos
654 3010 751 3044 tales
769 3007 1028 3052 coadjutores.
