1891 3292
259 182 327 217 710
764 174 951 210 POLANci
980 186 1296 212 COMPLEMENTA

215 274 346 314 variis
403 273 536 314 Vrbis
569 274 786 325 ecclesiis,
829 277 1125 327 monasteriis,
1166 279 1462 332 hospitalibus
1501 288 1544 322 et
1583 282 1835 325 carceribus

214 342 316 373 sunt
340 331 612 382 concionati;
639 333 773 386 aliqui
799 334 933 375 etiam
959 334 1001 375 in
1027 337 1200 390 oppidis
1223 337 1394 379 vicinis.

302 402 342 441 4.
410 390 524 431 Cum
548 391 743 432 chrisma
766 392 942 435 deesset
966 395 1116 435 multis
1139 396 1182 436 in
1208 396 1331 446 locis,
1362 404 1539 450 propter
1562 396 1747 439 balsami
1765 414 1832 453 pe·
1879 395 1882 399 ’

218 449 405 497 nuriam,
439 456 588 490 actum
617 458 684 491 est
714 464 815 491 cum
845 466 974 493 sumo
1005 454 1233 507 pontifice,
1265 462 1309 496 et
1332 455 1595 505 declarauit‚
1629 456 1671 497 id
1695 471 1837 511 genus

216 507 399 548 balsami
437 508 556 561 quod
593 523 648 550 ex
686 509 951 567 occidentali
991 512 1114 554 India
1152 514 1367 564 adfertur,
1408 513 1622 556 idoneum
1662 530 1760 558 esse
1796 526 1838 558 vt

216 566 408 606 chrisma
446 567 768 618 conficeretur3
816 577 859 609 et
899 570 959 610 ita
997 571 1052 612 ad
1090 571 1477 626 archiepiscopum
1522 574 1836 627 moguntinum

215 625 442 665 vasculum
469 626 710 679 (annuente
734 627 965 680 pontifice)
990 629 1174 671 missum
1200 638 1267 672 est
1290 646 1315 672 a
1342 633 1390 673 P.
1415 632 1469 674 N.
1494 632 1747 686 praeposito
1766 647 1839 687 ge-

219 682 373 725 nerali.

307 752 346 794 5.
429 743 636 797 insignes
695 744 869 798 gratiae
915 760 995 799 pro
1040 747 1251 801 Ethiopia
1311 756 1354 788 et
1405 748 1673 789 occidentali
1724 750 1842 793 India

223 802 352 852 Peru,
383 808 490 852 etc.,
523 817 548 843 a
577 817 752 844 summo
776 803 989 857 pontifice
1019 820 1095 859 per
1125 805 1304 848 Car.lem
1337 807 1543 849 Carafam
1579 816 1684 849 sunt
1707 807 1841 863 impe-

223 866 376 902 tratae.

307 919 348 960 6.
419 919 752 962 professionem
805 922 890 962 hoc
921 936 1039 963 anno
1068 923 1315 965 emiserunt
1346 924 1592 966 solemnem
1622 926 1677 965 ad
1707 926 1841 966 susci-

223 976 408 1030 piendos
437 978 616 1019 ordines
644 980 826 1030 Romae,
858 982 1013 1023 Patres
1045 982 1303 1024 Alexander
1329 983 1623 1038 Balignanus,
1650 984 1843 1026 Ludoui·

221 1049 301 1077 cus
324 1036 609 1078 Corbinellus
632 1045 676 1079 et
699 1052 725 1093 9
748 1036 786 1062 ¹²¹²
808 1039 896 1080 alii.

310 1106 349 1146 7.
418 1096 761 1137 Tumultuatum
785 1106 850 1138 est
874 1098 917 1138 in
941 1098 1133 1151 collegio
1157 1099 1433 1153 germanico,
1462 1101 1755 1154 quarumdam
1775 1116 1844 1143 co-

223 1153 468 1195 mediarum
494 1155 744 1207 occasione,
771 1157 875 1197 duni
900 1157 1184 1200 conuictores
1208 1173 1333 1199 suam
1366 1173 1503 1213 agere
1533 1175 1682 1202 coram
1704 1174 1844 1215 augu-

220 1220 349 1253 stano
372 1220 415 1253 et
440 1213 677 1255 varmiensi
697 1214 890 1257 Car.libus
913 1216 1094 1267 vellent,
1120 1223 1163 1257 et
1187 1218 1296 1258 alios
1319 1225 1528 1260 externos
1551 1219 1847 1261 scholasticos

219 1272 528 1325 excluderent,
564 1273 638 1326 qui
676 1280 821 1315 tamen
860 1289 914 1316 ex
943 1275 1216 1330 praescripto
1249 1276 1527 1330 superiorum
1561 1286 1687 1320 erant
1715 1278 1841 1320 aliam

217 1331 375 1371 acturi.
411 1331 501 1373 Sed
536 1333 584 1372 P.
625 1332 904 1386 praepositus
935 1341 1137 1376 neutram
1169 1334 1242 1388 agi
1272 1336 1517 1387 constituit,
1549 1346 1593 1378 et
1629 1343 1841 1379 rectorem

213 1389 360 1430 officio
405 1390 562 1442 mouit,
602 1392 720 1443 quod
752 1392 938 1447 segnius
971 1392 1252 1445 prouidisset,
1285 1402 1328 1436 et
1353 1396 1569 1447 quosdam
1599 1410 1654 1437 ex
1684 1395 1845 1437 nostris

214 1446 317 1488 inde
343 1449 532 1489 remouit
562 1451 763 1493 eamdem
789 1452 857 1492 vel
890 1451 1076 1492 similem
1100 1452 1157 1493 ob
1187 1466 1383 1503 causam3
1419 1461 1463 1496 et
1494 1469 1547 1496 ex
1578 1454 1842 1495 conuictori-

219 1506 318 1557 bus,
341 1508 563 1560 quendam
584 1509 814 1550 seditionis
831 1518 1076 1552 auctorem.
1100 1510 1189 1552 Alii
1214 1510 1233 1535 ἥ
1258 1512 1445 1565 publicis
1470 1513 1844 1568 flagellationibus

220 1566 538 1617 poenitentiam
563 1576 772 1621 egerunt;
799 1569 842 1609 in
871 1577 1097 1622 posterum
1122 1578 1270 1611 autem
1295 1571 1379 1611 hac
1407 1572 1463 1613 de
1493 1585 1629 1614 causa
1654 1587 1709 1614 ne
1740 1571 1839 1613 insi—

219 1638 332 1677 gnes
357 1625 456 1666 illae
480 1626 681 1668 actiones
704 1627 861 1669 fierent
884 1628 1003 1668 cauit
1028 1643 1140 1682 quae
1164 1628 1258 1670 fieri
1282 1630 1500 1671 solebant.

313 1683 353 1724 8.
421 1684 534 1725 Cum
557 1685 782 1727 Henricus
800 1685 951 1728 Car.lis
976 1687 1122 1728 infans
1142 1688 1462 1742 Portugalliae,
1485 1689 1676 1742 aliquem
1698 1705 1753 1733 ex
1772 1703 1843 1731 no-

219 1741 322 1781 stris
351 1743 407 1783 ad
438 1758 570 1784 suum
603 1744 832 1798 spirituale
861 1745 1072 1787 auxilium
1106 1747 1187 1787 sibi
1218 1747 1311 1789 dari
1335 1748 1464 1789 enixe
1493 1749 1770 1802 deposceret,
1802 1756 1844 1790 et

222 1800 270 1842 P.
300 1801 497 1842 Leonem
525 1803 769 1856 Enrriquez
793 1804 1050 1846 nominatim
1078 1812 1321 1859 expeteret,
1348 1806 1423 1859 qui
1447 1807 1574 1849 breui
1599 1807 1841 1861 provincia-

221 1858 273 1899 lis
312 1860 458 1901 officio
496 1862 659 1914 alioqui
698 1862 993 1904 defuncturus
1032 1872 1142 1908 erat,
1177 1865 1228 1908 Ρ.
1262 1866 1556 1918 praepositus,
1601 1874 1647 1907 vt
1681 1866 1844 1921 optimo

219 1918 405 1971 principi
455 1934 505 1960 ac
539 1921 593 1961 de
625 1930 775 1963 nostra
805 1922 1029 1964 Societate
1059 1923 1223 1975 optime
1259 1924 1432 1976 merito,
1470 1925 1512 1965 id
1552 1925 1841 1978 condonauit,

218 1990 307 2017 non
336 1985 481 2019 tamen
507 1989 553 2019 vt
576 1988 698 2021 extra
724 1981 914 2034 collegia
938 1982 1137 2035 degeret.

306 2050 347 2090 9.
418 2037 667 2079 Florentiae
705 2053 898 2093 magnus
937 2040 1027 2081 dux
1064 2041 1224 2081 obtulit
1269 2041 1480 2084 Societati
1526 2042 1843 2085 monasterium

220 2094 502 2150 quod[d]am,
535 2097 588 2137 ad
619 2098 778 2138 domus
810 2098 948 2150 ipsius
983 2100 1384 2152 praesenta-tionem
1420 2109 1645 2156 spectans,
1672 2101 1843 2144 Montui

221 2153 359 2207 vulgo
382 2154 568 2210 dictum,
597 2164 640 2196 et
664 2157 719 2196 ab
743 2157 909 2197 ordinis
933 2158 1156 2199 Minorum
1182 2159 1393 2200 fratribus
1415 2160 1658 2214 desertum3
1681 2168 1843 2201 etcum

219 2212 275 2252 ad
301 2212 461 2254 missas
484 2215 551 2256 vel
574 2215 717 2255 officia
741 2215 887 2256 divina
910 2216 1097 2258 dicenda
1124 2232 1208 2258 non
1235 2217 1487 2259 admitteret
1510 2219 1728 2270 Societas,
1770 2219 1844 2260 sed

219 2271 261 2310 in
282 2271 442 2313 domus
468 2273 753 2314 recreationis
776 2288 823 2315 se
860 2268 1152 2317 admissuram
1177 2276 1343 2318 diceret
1366 2276 1461 2318 sine
1500 2278 1586 2319 vlla
1609 2277 1841 2332 obligatio-

222 2343 293 2381 ne,
320 2330 346 2370 ὁ
375 2331 599 2372 Februarii
632 2333 857 2385 possessio
887 2342 1070 2387 accepta
1092 2342 1176 2387 est,
1200 2334 1377 2376 dicente
1410 2335 1524 2377 duce
1556 2337 1676 2390 quod
1709 2335 1845 2391 gratis

220 2396 262 2427 et
286 2403 454 2441 amore,
481 2404 532 2430 ac
555 2390 721 2432 intuitu
745 2391 934 2445 pietatis,
961 2394 1282 2434 monasterium
1302 2407 1402 2434 cum
1424 2394 1632 2436 omnibus
1655 2409 1771 2449 quae
1792 2394 1844 2435 ad

220 2446 366 2500 ipsum
393 2448 736 2505 pertineba[n]t,
766 2452 934 2492 nostris
957 2451 1107 2506 dabat,
1139 2461 1184 2493 vt
1213 2468 1266 2494 eo
1298 2453 1353 2494 ad
1376 2452 1571 2506 ipsorum
1596 2453 1841 2508 beneplaci-

225 2513 316 2546 tum
340 2514 586 2548 vterentur.

315 2577 379 2606 Io.
448 2566 548 2607 Hoc
578 2566 675 2620 ipso
712 2567 955 2608 Februario
989 2583 1160 2617 mense,
1192 2569 1263 2611 die
1299 2582 1365 2623 13,
1397 2570 1641 2612 canonicus
1670 2570 1842 2624 quidam

222 2632 523 2676 cognomento
547 2625 677 2675 Care,
703 2626 882 2666 domum
910 2627 1128 2680 propriam
1159 2629 1322 2670 nostris
1344 2629 1751 2679 cameracensibus,
1773 2628 1846 2681 qui

222 2680 264 2721 in
289 2683 565 2724 conductitia
590 2684 742 2725 adhuc
770 2685 1047 2737 habitabant,
1071 2686 1178 2728 emit
1202 2701 1303 2728 cum
1330 2688 1482 2737 horto,
1511 2695 1555 2729 et
1579 2687 1844 2730 dotationem

221 2739 262 2780 in
293 2741 441 2782 animo
474 2742 691 2793 habebat;
726 2743 803 2784 sed
834 2751 877 2786 et
907 2744 1276 2801 archiepiscopus
1310 2746 1426 2788 serio
1454 2747 1509 2787 de
1532 2760 1584 2788 ea
1614 2748 1699 2788 hoc
1732 2759 1844 2788 anno

220 2812 377 2852 agens,
406 2801 493 2841 sub
518 2801 699 2842 aestatis
729 2802 886 2853 finem,
913 2803 1060 2845 nullos
1090 2803 1384 2858 relinquendo
1412 2805 1612 2847 redditus
1640 2803 1844 2853 decessit,

293 2986 331 3011 hh
382 2987 459 3021 Hic
481 2999 670 3022 numerus
690 2989 848 3023 obscure
865 2990 1082 3023 admodum
1101 2990 1266 3035 legitur.
1322 2991 1389 3017 -ii
1417 2990 1519 3025 Aliis
1539 3002 1608 3026 ms.
