1891 3292
536 197 673 231 EPIST.
706 204 783 240 199.
796 194 858 228 —8
886 195 1119 228 FEssRUAmr
1150 190 1238 236 1573
1587 190 1649 224 261

75 301 240 343 cultate
263 298 339 353 qui
360 297 461 338 libri
486 296 683 352 praelegi
707 303 750 338 et
779 294 923 337 audiri
948 294 1204 337 necessario
1227 295 1443 336 deberent
1476 299 1581 335 ante
1605 305 1703 346 pro-

74 377 332 426 motionem;
366 382 585 428 quantum
616 372 830 426 temporis
858 371 1139 414 intercedere
1173 371 1357 414 deberet
1386 371 1430 412 in
1465 369 1704 411 collatione

74 454 320 510 graduum;
348 465 463 504 quae
486 449 795 492 caeremoniae
824 447 1131 498 adhibendae;
1158 449 1234 502 qui
1263 455 1470 502 sumptus
1494 446 1704 494 faciendi;

76 530 162 583 vbi,
189 527 387 582 quando,
415 527 644 580 quomodo
667 525 772 568 fidei
795 524 1016 580 professio
1046 523 1272 575 facienda;
1299 524 1416 567 vitae
1439 532 1483 566 et
1508 523 1704 578 probita-

75 609 130 651 tis
166 606 416 660 aetatisque
450 604 581 658 quale
620 602 929 645 testimonium
968 601 1263 642 adferendum
1289 601 1344 642 ad
1369 600 1703 642 vniuersitates.

74 683 314 729 Germania
337 681 456 724 enim
480 680 633 735 magni
659 680 763 721 facit
783 681 864 720 hos
883 678 1054 729 titulos;
1081 677 1157 731 qui
1179 692 1266 719 non
1286 679 1429 719 solum
1455 678 1497 719 in
1518 677 1706 720 Germa-

75 762 144 804 nia
166 761 245 803 sed
269 759 403 802 etiam
434 757 538 800 alibi
568 756 713 798 doctis
745 756 867 797 iuxta
899 770 950 796 ac
973 754 1188 806 indoctis,
1224 754 1375 808 probis
1399 762 1442 795 et
1472 754 1704 807 improbis,

74 836 305 881 catholicis
328 844 373 878 et
395 834 636 876 haereticis
665 833 977 884 conferuntur.
1015 832 1142 872 Vnde
1167 831 1216 872 fit
1247 839 1295 872 ut
1318 830 1452 873 etiam
1476 831 1706 885 episcopo-

75 929 170 957 rum
194 922 238 956 et
261 911 669 954 ecclesiasticorum
695 909 936 951 consiliarii
963 910 1034 951 uel
1065 916 1219 963 aperte
1252 909 1323 949 uel
1352 909 1528 949 occulte
1553 909 1704 949 haere-

75 992 147 1034 tici
170 991 274 1032 sint.
302 989 425 1032 Huic
456 989 573 1029 malo
601 1002 681 1029 sua
706 987 922 1029 sanctitas
946 994 1137 1040 tantum,
1171 985 1325 1028 adiuta
1353 986 1409 1026 ab
1437 985 1705 1039 imperatore

73 1077 116 1113 et
139 1067 335 1123 regibus,
360 1065 576 1109 auxilium
601 1065 717 1107 ferre
740 1072 901 1119 potest,
927 1063 1061 1104 bullis
1084 1072 1128 1104 et
1147 1062 1307 1104 edictis
1329 1062 1636 1116 imperialibus
1655 1076 1705 1103 ac

74 1145 205 1201 regiis
229 1145 312 1185 hac
335 1144 391 1185 de
416 1157 460 1184 re
482 1141 636 1193 editis;
662 1148 706 1183 et
730 1140 989 1182 constitutis
1019 1139 1328 1181 visitatoribus
1358 1138 1707 1180 Vniuersitatum

75 1221 248 1274 annuis,
275 1220 351 1274 qui
374 1225 585 1261 curarent
609 1217 780 1261 seruari
804 1231 919 1271 quae
943 1217 1015 1260 uel
1039 1217 1084 1259 in
1103 1216 1319 1268 conciliis,
1342 1216 1414 1257 uel
1433 1230 1457 1257 a
1481 1216 1528 1258 S.
1557 1216 1605 1258 S.
1628 1222 1704 1257 aut

75 1298 339 1352 magistratu
363 1296 450 1337 iarn
474 1296 613 1346 dicto,
642 1295 833 1336 fuissent
858 1294 1149 1349 praescripta.

162 1387 202 1428 7.
270 1376 354 1416 Per
384 1373 631 1414 catholicos
664 1373 889 1427 principes
926 1386 1108 1425 quoque
1136 1371 1173 1413 si
1203 1378 1445 1413 conaretur
1480 1370 1704 1425 pontifex,

77 1452 292 1494 excitatos
316 1450 440 1506 prius
463 1465 487 1491 a
510 1464 558 1492 se
587 1449 826 1504 episcopos
854 1449 999 1491 iuuari
1029 1449 1074 1490 in
1104 1448 1445 1492 seminariorum
1477 1455 1711 1502 tantopere

77 1527 431 1573 necessariorum
464 1527 509 1568 in
543 1527 791 1570 Germania
823 1527 1069 1577 erectione,
1096 1526 1354 1568 scholarum
1388 1524 1712 1566 catholicarum

77 1605 356 1648 institutione
384 1613 428 1645 et
466 1604 817 1655 instauratione,
852 1604 1124 1658 permultum
1163 1611 1479 1644 excrescerent
1510 1616 1579 1643 res
1615 1600 1711 1642 reli-

78 1682 222 1739 gionis
245 1682 510 1734 catholicae3
540 1696 641 1722 nam
666 1690 715 1723 ut
744 1681 853 1722 nihil
883 1681 1029 1722 dicam
1054 1681 1109 1722 de
1133 1680 1338 1722 doctrina
1367 1679 1609 1730 catholica,
1637 1680 1710 1720 de-

79 1775 162 1815 que
186 1759 451 1802 rudimentis
475 1758 579 1801 fidei
603 1773 719 1812 quae
742 1758 788 1799 in
817 1758 983 1800 scholis
1012 1757 1326 1810 addiscuntur,
1359 1757 1493 1799 etiam
1523 1770 1711 1799 consue—

79 1837 185 1879 tudo
214 1836 400 1879 uiuendi
430 1850 533 1877 cum
564 1835 817 1885 catholicis,
851 1843 895 1877 et
924 1834 1171 1877 auctoritas
1204 1833 1554 1887 reuerentiaque
1587 1847 1711 1887 prae-

77 1921 308 1968 ceptorum
342 1912 450 1954 facit
485 1921 532 1954 ut
571 1919 791 1967 perpetuo
824 1913 940 1954 bene
973 1912 1138 1954 adfecti
1178 1918 1474 1966 permaneant
1513 1910 1568 1952 ad
1607 1924 1714 1952 suos

78 1998 404 2045 praeceptores.
431 1989 701 2044 Experimur
725 1990 812 2030 hoc
835 1989 878 2030 in
904 1989 1136 2044 discipulis
1159 1997 1203 2031 et
1233 1987 1577 2030 conuictoribus
1601 2001 1714 2041 quos

77 2067 330 2119 habuimus,
355 2067 489 2109 etiam
509 2081 534 2108 a
553 2066 816 2121 parentibus
838 2065 1078 2108 haereticis
1097 2065 1228 2107 nobis
1252 2064 1556 2107 transmissos:
1580 2064 1716 2106 immo

79 2144 125 2184 fit
147 2157 485 2198 nonnumquam
507 2152 555 2185 ut
573 2158 677 2185 curn
696 2143 799 2185 filiis
824 2152 1032 2197 parentes
1053 2157 1235 2197 quoque
1257 2144 1492 2185 lucrentur
1510 2142 1709 2193 Christo,

78 2221 248 2263 nobiles
265 2229 309 2264 et
327 2221 553 2277 ignobiles
577 2220 661 2262 uiri
680 2220 709 2273 ¹³,
731 2220 806 2275 qui
827 2228 976 2263 tamen
996 2234 1085 2262 non
1111 2219 1341 2275 religionis
1359 2221 1438 2261 sed
1457 2220 1712 2261 scholarum

81 2306 250 2340 tantum
268 2307 404 2354 atque
418 2298 716 2342 institutionis
731 2313 869 2341 causa
884 2298 1120 2341 nobiscum
1139 2298 1485 2340 familiaritatem
1498 2297 1711 2339 inierunt.

79 2375 124 2419 Si
141 2376 276 2431 igitur
301 2379 357 2419 ad
378 2377 689 2433 irrigationem
710 2391 932 2419 nouarum
955 2377 1227 2431 plantarum,
1255 2376 1595 2418 seminariorum
1621 2388 1713 2416 ere-

80 2452 182 2505 ctio,
213 2454 563 2508 scholarumque
587 2454 916 2496 catholicarum
941 2453 1186 2504 institutio,
1213 2454 1434 2495 suadente
1469 2460 1513 2495 et
1547 2465 1713 2506 sugge-

80 2537 202 2572 rente
224 2530 453 2584 pontifice,
480 2531 604 2573 cordi
626 2538 745 2574 esset
764 2530 988 2586 episcopis
1005 2537 1142 2585 atque
1162 2530 1457 2585 principibus,
1483 2542 1711 2584 sperarem

80 2607 290 2660 paulatim
314 2607 542 2663 taciteque
565 2622 734 2663 magna
757 2608 1000 2661 suauitate,
1023 2608 1193 2649 mundo
1217 2622 1306 2648 non
1327 2607 1617 2662 percipiente,
1639 2606 1715 2648 de-

80 2683 314 2727 fectionem
339 2685 540 2727 omnium
564 2686 763 2728 futuram
786 2686 842 2727 ad
866 2684 1086 2727 eeclesiae
1115 2685 1365 2727 catholicae
1388 2683 1710 2726 obedientiam.

83 2760 193 2802 Nam
214 2763 300 2803 hoc
329 2762 477 2804 medio
499 2762 627 2804 simia
661 2762 849 2817 Christi,
886 2762 1112 2812 diabolus,
1144 2776 1169 2803 a
1199 2762 1287 2804 fide
1317 2761 1372 2803 ad
1402 2760 1634 2816 perfidiam
1669 2767 1714 2803 et

81 2837 365 2881 rebellionem
398 2839 689 2882 Germaniam
724 2838 949 2894 perduxit.
988 2841 1156 2894 Magna
1190 2838 1296 2881 cleri
1331 2837 1586 2893 ignorantia
1626 2838 1715 2879 hoc

82 2914 273 2956 medium
296 2915 429 2958 etiam
454 2917 614 2959 suadet
636 2930 688 2959 ac
712 2916 916 2971 requirit.

150 3004 168 3030 b
218 3003 320 3038 viros
335 3017 407 3040 ms.
