1999 3338
353 293 393 318 vi
841 281 1023 314 POLANCI
1051 284 1364 312 COMPLEMENTA

304 399 482 439 operam
508 385 753 435 tenebatur,
777 390 907 434 atque
931 381 985 420 ad
1008 380 1236 420 solennem
1258 378 1576 432 professionem
1601 376 1823 431 quoslibet
1848 389 1917 417 so-

304 461 427 502 114185
449 467 550 502 ante
573 458 867 501 sacerdotium
894 456 1142 497 admittere.
1171 454 1306 508 Quod
1325 454 1503 508 quantis
1527 468 1607 495 nos
1630 453 1819 495 cinxerit
1842 467 1916 494 an-

305 537 465 591 gustiis
488 535 695 587 ostendit,
720 533 906 587 exempli
931 532 1089 587 gratia,
1115 531 1301 586 epistola
1329 530 1472 574 Patris
1494 529 1720 573 Francisci
1741 531 1918 584 Sunyer

304 613 452 670 (185);
479 613 554 653 sed
585 627 635 653 ea
665 613 730 651 lex
761 608 1026 650 sanctissimi
1061 608 1297 662 pontificis,
1332 608 1433 662 lege
1463 607 1549 649 alia
1578 606 1787 661 Gregorii
1819 606 1920 647 XIII

303 689 588 737 successoris,
615 686 956 741 diligentissimo
980 685 1128 725 studio
1157 684 1309 726 vicarii
1343 684 1524 726 Polanci
1557 697 1609 725 ac
1640 682 1813 725 Natalis
1843 683 1918 723 de-

305 773 460 819 rogata
484 774 547 806 est
571 764 694 820 (166,
729 763 824 811 173,
860 762 957 819 174,
996 762 1089 811 191,
1125 762 1219 813 195,
1245 775 1295 803 ac
1320 760 1548 816 potissime
1585 761 1679 811 177,
1708 775 1750 801 n.
1791 771 1839 812 13
1871 758 1916 812 ²).

392 843 440 882 In
469 840 711 882 condendis
742 839 866 880 novis
894 838 1111 892 collegiis,
1144 838 1264 892 quod
1298 853 1322 879 a
1355 836 1521 879 vicario
1557 838 1755 879 Polanco
1788 850 1920 890 saepe

305 918 589 973 expetebant,
631 915 736 957 nihil
777 914 1134 969 aggrediendum
1174 913 1257 968 ipsi
1290 922 1399 964 erat,
1437 928 1573 968 quum
1611 913 1728 955 illius
1767 926 1918 954 mune-

307 993 365 1034 ris
389 993 574 1047 partium
594 1007 679 1033 non
705 991 759 1032 sit
785 991 1025 1046 quidquam
1050 991 1300 1042 i1nmutare3
1326 991 1443 1033 unde
1466 992 1522 1032 ad
1545 1004 1710 1031 novum
1736 1003 1918 1044 praepo-

307 1069 437 1111 situm
461 1069 711 1120 eligendum
743 1082 917 1121 semper
946 1082 998 1109 ea
1029 1067 1209 1122 negotia
1239 1067 1404 1110 retulit.
1434 1067 1657 1122 Epistolae
1689 1067 1784 1118 164,
1819 1066 1915 1118 178,

314 1145 374 1189 181
405 1159 492 1198 quo
521 1159 566 1185 se
596 1145 782 1198 gesserit
813 1145 943 1186 inodo
976 1144 1094 1186 circa
1128 1144 1411 1187 matritenses
1447 1144 1622 1185 scholas
1655 1144 1917 1192 ostendunt,

306 1235 489 1275 quarum
515 1221 639 1276 origo
666 1220 862 1262 nonnihil
882 1221 1015 1262 habet
1035 1221 1155 1274 quod
1174 1220 1371 1262 studium
1393 1220 1587 1263 excitare
1607 1227 1754 1273 queat.
1781 1221 1921 1261 Porro

305 1311 379 1339 eas
401 1297 533 1351 hujus
557 1298 764 1351 temporis
788 1297 1018 1351 seligimus
1040 1297 1251 1352 epistolas
1275 1311 1388 1350 quae
1413 1296 1602 1351 alicujus
1621 1296 1837 1339 momenti
1859 1296 1919 1338 vi-

308 1387 382 1414 sae
415 1381 533 1427 sunt,
566 1381 607 1415 et
637 1373 861 1415 historiam
895 1374 1042 1428 aliquo
1077 1375 1208 1416 modo
1239 1383 1442 1428 spectare
1477 1380 1680 1428 possunt3
1718 1373 1920 1428 ineptum

305 1448 421 1491 enim
445 1448 651 1490 duximus
676 1449 891 1491 infinitam
915 1449 1073 1493 seriem
1106 1451 1291 1504 prodere
1322 1463 1437 1504 quae
1467 1449 1761 1491 minutissima
1787 1463 1918 1491 oeco-

307 1524 476 1566 nomica
502 1533 782 1578 pertractant:
811 1527 928 1580 quod
952 1533 995 1567 et
1031 1526 1073 1567 in
1101 1526 1328 1568 Lainianis
1359 1533 1403 1567 et
1435 1526 1672 1580 Borgianis
1701 1527 1917 1569 observa-

307 1607 399 1641 tum
422 1610 502 1652 est3
530 1616 614 1642 non
640 1616 741 1643 vero
768 1602 809 1642 in
842 1602 1099 1656 Ignatianis,
1127 1603 1183 1643 ob
1209 1603 1476 1657 peculiarem
1501 1602 1700 1644 Parentis
1719 1602 1918 1644 condito-

308 1677 366 1717 ris
383 1677 457 1730 jus
480 1691 529 1718 ac
555 1679 856 1720 reverentiam.

392 1752 462 1794 Ab
485 1768 536 1794 eo
560 1755 678 1807 quod
703 1769 745 1796 n.
780 1756 863 1798 217
894 1756 1102 1810 signatur
1134 1764 1442 1806 monumento,
1475 1771 1527 1798 ea
1558 1756 1777 1810 incipiunt
1805 1769 1921 1809 quae

303 1829 357 1870 ad
385 1829 561 1871 Polanci
584 1831 875 1873 visitationem
908 1833 950 1873 in
983 1833 1121 1874 sicula
1154 1833 1375 1886 provincia
1409 1833 1648 1887 pertinent.
1677 1833 1724 1874 In
1756 1833 1919 1887 quibus

305 1906 490 1958 (praeter
528 1906 642 1947 dicta
682 1907 725 1948 in
768 1910 1005 1949 Prooeml‘o
1045 1909 1201 1963 prioris
1239 1909 1488 1963 voluminis)
1530 1909 1920 1963 praetermittenda

305 1995 389 2022 non
414 1990 478 2023 est
501 1997 672 2025 summa
696 1985 934 2026 difficultas
966 2000 1081 2039 quae
1110 1986 1378 2027 commercio
1411 1986 1657 2028 litterarum
1687 1986 1804 2028 inter
1826 1989 1918 2038 Ro-

306 2071 417 2098 mam
441 2073 490 2099 ac
514 2060 723 2113 Siciliam,
749 2076 802 2102 ex
838 2070 959 2115 peste
993 2064 1105 2103 hane
1137 2062 1326 2103 insulam
1358 2069 1579 2113 vastante,
1612 2064 1782 2105 oberat.
1812 2064 1919 2106 Inde

304 2134 486 2187 repetita
511 2135 670 2188 pluries
691 2138 844 2180 eadem
869 2140 1063 2192 negotia,
1090 2146 1136 2179 ut
1172 2139 1348 2180 tandem
1381 2140 1518 2181 semel
1556 2138 1739 2181 Romam
1764 2154 1917 2182 eorum

304 2208 456 2251 notitia
480 2210 662 2262 veniret3
690 2213 791 2255 inde
814 2223 1002 2256 exactae
1026 2215 1113 2257 fere
1138 2215 1391 2269 importune
1416 2215 1652 2270 ampliores
1676 2216 1731 2257 ad
1755 2217 1916 2270 guber-

303 2285 494 2326 nandum
522 2287 767 2339 facultates;
796 2290 898 2333 inde
927 2291 1172 2344 frequentia
1200 2292 1394 2334 lamenta
1422 2292 1678 2334 visitatoris.

393 2362 443 2402 Et
467 2364 573 2405 haec
597 2365 650 2405 de
673 2366 869 2420 epistolis
899 2369 1179 2410 Polaticianis
1206 2384 1325 2410 nunc
1350 2369 1589 2411 sufficiant.

727 2485 906 2528 Il.—DE
941 2500 1248 2529 EPHEMERIDE
1282 2501 1489 2530 GERARDI

392 2592 702 2644 Ephemerides
720 2611 924 2638 romanas
943 2599 1139 2640 edendas
1159 2599 1284 2640 initio
1302 2599 1484 2641 alterius
1505 2602 1654 2654 partis,
1672 2603 1916 2644 Theodori-

304 2679 355 2706 co
372 2667 826 2723 Geeraerts(Gerarcli
853 2688 930 2714 seu
958 2676 1370 2717 Amsterodamensi
1396 2691 1575 2730 quoque
1598 2677 1732 2731 dicto)
1751 2679 1916 2720 adscri-

306 2742 470 2794 psimus
493 2744 534 2784 in
559 2747 790 2788 Prooemio
808 2749 942 2790 citato
967 2752 1085 2806 (pag.
1110 2754 1278 2805 ΧΧνίΙ),
1305 2752 1348 2793 id
1379 2754 1497 2806 quod
1527 2754 1599 2794 vix
1625 2768 1711 2794 non
1736 2755 1918 2797 omnino

304 2824 469 2858 certum
494 2830 572 2860 est.
603 2823 713 2864 Nam
741 2833 1048 2880 praeterquam
1082 2829 1199 2881 quod
1231 2828 1274 2868 in
1308 2829 1411 2871 folio
1443 2844 1531 2871 uno
1555 2845 1690 2884 puro,
1717 2846 1837 2873 nunc
1860 2833 1916 2874 si—

304 2902 439 2946 gnato
466 2911 506 2937 n.
532 2912 601 2951 ol),
631 2900 711 2940 alia
739 2916 892 2943 manus
917 2905 1105 2958 scripsit:
1137 2908 1215 2946 «P.
1245 2908 1301 2950 D.
1323 2907 1590 2949 Theodorici
1616 2909 1812 2963 Magni»,
1838 2925 1914 2951 ΠΟ·

373 3057 384 3076 2
435 3058 493 3094 Cf.
515 3067 551 3094 et
575 3061 922 3110 (t‘otlzmenlm‘ioln,
942 3069 987 3102 ad
1006 3081 1095 3107 ann.
1121 3079 1220 3114 1572,
1244 3083 1282 3108 n.
1302 3081 1335 3114 5.
