1891 3292
490 182 991 231 EPHEMERiDES.-—JUN.-J
1002 195 1066 222 Ut..
1091 188 1179 230 1556
1534 189 1600 233 587

23 295 87 333 sto
108 287 155 330 S.
182 284 360 327 Ioannis
386 282 616 338 Baptistae
645 283 858 325 aduocari
889 284 1018 327 iussit
1049 288 1098 328 R.
1135 290 1184 329 Ρ.
1214 296 1448 339 rectorem,
1477 299 1522 331 vt
1553 291 1644 332 offi-

23 347 134 391 cium
156 344 333 386 culinae
362 350 557 392 curaret,
596 341 844 396 iniungens
882 344 1017 385 etiam
1054 345 1258 401 insignes
1298 348 1568 402 penitentias
1603 358 1646 392 et

22 403 384 450 mortificationes
408 401 533 452 alias,
560 407 607 441 vt
630 415 685 443 ex
709 402 959 457 longinquo
985 405 1119 446 ferret
1142 420 1322 459 aquam,
1350 413 1439 449 etc.

106 462 238 506 Circa
261 461 378 504 idem
405 462 491 501 hoc
517 468 696 514 tempus
720 460 872 502 literas
890 463 1147 517 accepimus
1165 479 1218 506 ex
1242 467 1401 519 praga,
1423 467 1646 520 quomodo

21 538 72 568 eo
96 521 375 577 appulissent
406 521 584 572 fratres,
617 526 662 561 et
691 520 919 573 quomodo
954 522 1144 575 plurima
1175 518 1467 578 perpetienda
1497 528 1646 568 essent

21 581 228 634 vndique.
258 581 378 622 Laus
403 580 516 621 Deo.

103 641 235 684 Circa
257 641 345 680 hoc
367 638 501 680 etiam
525 645 703 691 tempus
726 636 1030 680 intelleximus
1062 641 1436 694 persequutiones
1463 643 1644 684 fratrum

20 698 200 754 Neapoli
224 706 268 740 et
292 697 412 749 alibi;
438 697 518 738 sed
541 695 691 737 omnia
714 697 882 738 cedunt
905 697 949 737 in
975 699 1149 740 melius.

103 771 156 812 23
190 757 289 799 Iulii
319 757 554 798 ordinatus
583 764 650 797 est
678 756 889 797 sacerdos
921 757 1149 809 Georgius
1172 760 1343 810 sardus,
1369 768 1412 800 et
1447 774 1548 800 cum
1574 760 1647 801 illo

19 816 187 862 diaconi
221 817 410 858 Ioannes
444 815 674 864 Nicolaus,
711 816 773 857 M.
807 816 987 866 Torres,
1023 817 1168 858 Lucas
1198 831 1458 871 germanus,
1489 820 1644 861 Petro-

19 877 129 928 niUS‚
155 875 663 926 Laurentius,'loannes
687 872 916 917 Antonius
945 876 1000 917 de
1025 877 1246 930 Augubio
1278 884 1321 919 et
1353 878 1539 918 Ioannes
1565 879 1646 919 Ba-

20 937 147 994 ptista
170 937 411 986 Peruscus,
437 933 514 988 qui
545 933 833 988 praecedenti
864 933 934 974 die
969 935 1145 976 fuerant
1175 936 1365 977 ordinati
1395 936 1437 976 in
1469 937 1647 978 subdia-

20 1009 166 1046 conos,
192 1001 237 1036 et
261 994 317 1036 26
339 993 541 1036 eiusdem
565 992 740 1034 inuncti
764 1000 869 1034 sunt
893 992 937 1033 in
962 995 1235 1035 sacerdotes.
1264 996 1368 1036 Erat
1392 1002 1539 1036 autem
1571 997 1645 1036 do-

20 1054 203 1097 minicus
225 1053 320 1095 dies
343 1060 387 1095 et
418 1053 583 1095 festum
614 1052 661 1095 S.
696 1051 869 1101 Annae,
904 1066 1152 1106 omnesque
1184 1054 1341 1095 fratres
1366 1054 1646 1107 peculiariter

20 1113 122 1157 iussi
144 1120 250 1155 sunt
272 1126 445 1154 sacram
470 1111 836 1153 communionem
861 1110 979 1152 illius
1002 1111 1089 1152 diei
1113 1127 1190 1166 pro
1214 1112 1299 1154 illis
1318 1114 1496 1155 offerre.

36 1223 40 1227 ι
103 1184 157 1225 24
179 1172 314 1213 huius
336 1171 477 1213 literis
507 1170 777 1225 quibusdam
808 1171 1074 1224 deplorabat
1106 1173 1158 1214 R.
1194 1173 1243 1213 Ρ.
1278 1172 1489 1214 Canisius
1518 1172 1645 1214 mise-

21 1246 111 1275 rum
135 1231 412 1274 Bohaemiae
435 1238 620 1282 statum,
645 1230 835 1285 cupiens
860 1230 1217 1284 quamplurimos
1240 1245 1293 1273 eo
1318 1231 1447 1271 mitti.

26 1299 28 1301 ’
102 1303 152 1333 21
194 1290 289 1347 [sic]
331 1290 466 1331 huius
505 1289 653 1344 coepit
693 1290 898 1331 minister
937 1302 1036 1330 esse
1075 1289 1254 1344 collegii
1291 1291 1555 1344 Alpbonsus
1593 1290 1648 1332 de

20 1350 186 1393 Asculi.

100 1420 154 1462 27
177 1409 313 1451 huius
337 1408 488 1450 literas
512 1407 708 1450 vidimus
733 1408 852 1463 typis
876 1423 1068 1451 excusas
1091 1422 1202 1462 quas
1227 1409 1383 1450 Rmus.
1410 1409 1649 1462 episcopus

20 1468 320 1524 Lippomanus
343 1468 400 1510 ad
423 1469 471 1511 S.
499 1468 546 1511 S.
579 1468 825 1522 scripserat
854 1482 909 1510 ex
942 1468 1144 1518 Polonia,
1178 1468 1233 1510 de
1257 1468 1450 1520 quodam
1481 1467 1648 1521 insigni

19 1528 244 1578 miraculo,
277 1528 397 1581 quod
428 1541 562 1570 verus
595 1526 785 1582 sanguis
819 1542 874 1569 ex
907 1528 1052 1570 hostia
1086 1526 1301 1575 exilisset‚
1341 1526 1649 1580 pungentibus

19 1587 130 1630 illam
153 1587 344 1637 iudaeis,
371 1586 538 1641 quippe
562 1601 702 1640 quum
724 1586 842 1627 illam
863 1602 947 1642 per
966 1587 1206 1640 quamdam
1225 1586 1386 1626 malam
1408 1585 1649 1626 foeminam

21 1646 309 1701 accepissent,
341 1660 460 1700 quae
488 1646 774 1700 deprehensa
803 1646 846 1687 in
878 1648 1048 1688 scelere
1077 1660 1180 1687 cum
1210 1645 1308 1686 aliis
1338 1644 1649 1699 complicibus,

20 1705 212 1761 ignibus,
239 1713 287 1747 vt
312 1713 551 1757 meruerat,
577 1713 738 1747 exusta
762 1713 845 1748 est.

104 1765 273 1808 Vltimo
296 1764 393 1807 Iulii
417 1765 535 1806 circa
560 1772 655 1806 25³¹B
678 1766 833 1806 horam
859 1765 963 1815 diei,
987 1778 1102 1819 quae
1121 1770 1216 1806 erat
1236 1762 1330 1804 dies
1348 1761 1538 1814 veneris⁷
1561 1763 1650 1804 foe·

21 1823 225 1868 licissime
248 1824 462 1879 migrauit
485 1825 542 1865 ad
565 1824 811 1866 Dominum
838 1826 889 1867 R.
919 1825 968 1867 P.
998 1831 1151 1865 noster
1176 1822 1396 1877 ignatius,
1424 1820 1649 1875 praeposi-

22 1889 87 1925 tus
108 1892 260 1926 noster
282 1883 602 1939 generalis,-63
627 1898 849 1926 annorum
873 1891 951 1925 aut
980 1898 1033 1926 eo
1063 1882 1197 1924 circa.
1232 1882 1399 1923 Fuerat
1428 1879 1652 1934 generalis

21 1943 297 1997 praepositus
336 1943 387 1985 16
419 1943 566 1996 annis,
600 1944 774 1985 electus
803 1943 1007 1984 omniurn
1037 1941 1155 1983 votis
1185 1940 1340 1994 eisque
1372 1953 1649 1994 repugnans,

21 2016 130 2044 anno
159 2014 285 2056 1540,
308 2016 398 2057 quo
418 2002 610 2057 primurn
632 2017 656 2044 a
680 2017 795 2057 papa
822 2003 965 2044 Paulo
987 2001 1054 2056 3.⁰
1079 2000 1284 2044 Societas
1303 1999 1548 2054 approbata
1566 2005 1651 2040 est.

23 2061 165 2105 Pridie
188 2076 321 2116 quam
347 2069 596 2103 moreretur
626 2061 757 2104 iussit
788 2063 840 2103 R.
880 2063 931 2104 Ρ.
973 2061 1183 2109 Polanco‚
1220 2066 1268 2100 vt
1301 2073 1381 2113 pro
1415 2072 1462 2099 se
1496 2064 1541 2098 et
1575 2071 1653 2111 pro

23 2121 70 2162 P.
96 2121 302 2175 Layenez
325 2120 688 2163 benedictionem
713 2129 888 2176 peteret
911 2136 935 2162 a
959 2134 1138 2162 summo
1163 2118 1393 2172 pontifice.
1421 2118 1650 2171 Aegrota-

21 2179 93 2221 bat
114 2181 233 2223 enim
258 2180 461 2235 grauiter
484 2182 540 2223 R.
567 2182 619 2223 P.
647 2181 873 2235 Layenez‚
902 2180 977 2234 qui
1002 2180 1137 2235 paulo
1161 2187 1262 2232 post
1290 2176 1485 2218 vicarius
1515 2189 1652 2229 gene-

22 2238 119 2281 ralis
140 2240 416 2282 constitutus
440 2248 523 2282 est.
553 2241 784 2282 Mortuum
812 2240 959 2281 Patris
983 2237 1122 2280 nostri
1148 2251 1312 2291 corpus
1341 2242 1653 2278 exenteratum

23 2305 85 2340 est
108 2306 153 2341 et
176 2300 377 2342 balsamo
407 2299 659 2351 conditum;
693 2299 944 2340 honorifice
978 2299 1239 2353 sepulturae
1269 2295 1480 2336 traditum
1510 2302 1578 2334 est
1607 2293 1650 2333 in

23 2358 183 2412 templo
207 2367 362 2400 nostro
385 2359 441 2400 ad
464 2359 673 2401 dextrum
698 2372 840 2400 cornu
865 2358 1018 2400 altaris
1047 2355 1242 2408 maioris,
1276 2354 1471 2395 officium
1502 2352 1652 2394 dicen-

23 2414 137 2458 tibus
160 2419 211 2461 R.
242 2420 292 2460 Ρ.
323 2418 525 2460 Polanco
549 2425 593 2460 et
618 2419 670 2460 R.
701 2420 751 2460 Ρ.
780 2418 974 2460 Olaueo.
1003 2417 1142 2470 quue
1166 2414 1307 2469 primo
1332 2411 1531 2467 Augusti
1556 2410 1652 2464 ipso

23 2474 90 2518 die
110 2476 156 2520 S.
186 2477 309 2519 Petri
333 2478 388 2518 ad
413 2477 623 2528 Vincula,
651 2491 740 2531 quo
763 2477 836 2518 die
860 2478 921 2519 M.
951 2474 1229 2519 Benedictus
1247 2472 1539 2514 concionator
1558 2483 1651 2510 mo-

22 2533 188 2578 destam
212 2544 256 2578 et
279 2537 397 2591 piam
420 2537 518 2578 eius
542 2536 822 2579 mentionem
849 2535 972 2588 fecit,
999 2549 1086 2589 qua
1109 2533 1173 2575 sic
1203 2538 1429 2573 commota
1460 2538 1526 2572 est
1557 2542 1651 2569 mu-

23 2591 97 2636 lier
120 2596 340 2649 quaedam
362 2604 409 2637 vt
433 2610 559 2650 spem
583 2595 789 2638 sanitatis
813 2594 1075 2650 conciperet
1107 2591 1315 2647 precibus
1345 2591 1397 2631 R.
1432 2590 1483 2631 Ρ.
1513 2586 1653 2628 nostri

23 2665 99 2706 pro
122 2655 315 2708 quadam
339 2670 421 2697 sua
445 2655 551 2708 filia,
578 2669 713 2709 quam
737 2662 780 2703 et
804 2662 905 2709 post
929 2654 1101 2708 aliquot
1131 2664 1308 2692 menses
1337 2647 1547 2690 euenisse
1570 2646 1652 2687 sci-

24 2724 118 2753 mus
141 2728 218 2768 per
242 2728 416 2768 pannos
439 2715 660 2768 quosdam
685 2714 879 2757 vestium
905 2712 1067 2762 Patris,
1090 2710 1266 2765 puellae
1284 2706 1520 2749 adhibitos.
1548 2706 1652 2747 Mox

24 2775 66 2811 vt
88 2770 133 2812 in
158 2773 352 2828 collegio
374 2773 605 2816 intellecta
629 2780 697 2817 est
726 2773 824 2814 eius
852 2786 989 2822 mors,
1016 2770 1124 2812 iussi
1150 2782 1306 2810 sumus
1329 2767 1385 2808 ad
1409 2765 1656 2807 orationem

24 2831 248 2883 accedere,
274 2841 319 2875 et
341 2847 476 2887 saepe
499 2832 664 2876 deinde
686 2831 846 2874 moniti
878 2844 1035 2873 sumus
1065 2837 1112 2870 vt
1143 2841 1298 2869 omnes
1329 2838 1484 2880 preces
1513 2830 1558 2865 et
1581 2837 1655 2864 su-

25 2889 153 2941 spiria
175 2899 328 2934 nostra
351 2892 406 2933 ad
430 2891 537 2934 noui
562 2891 806 2947 praepositi
829 2890 1097 2933 electionem
1123 2886 1438 2941 dirigeremus
1463 2885 1653 2947 Mortem

25 2946 116 2990 sine
147 2950 286 2993 dubio
315 2951 458 2993 multo
487 2958 593 2994 ante
625 2949 945 3006 praesciuerat,
978 2947 1144 3002 quippe
1175 2959 1315 2999 quum
1349 2949 1453 2984 ante
1485 2942 1654 3006 aliquot

25 3004 327 3053 hebdomadas
347 3010 393 3052 in
417 3010 605 3053 domum
628 3024 794 3052 nouam
818 3014 1105 3057 concesserat
1129 3004 1293 3059 quietis
1317 3016 1469 3052 causa,
1496 3001 1653 3042 dicens
