1891 3292
486 675 795 736 ADDENDA'
826 694 902 735 ET
934 693 1339 736 CORRIGENDA

151 927 222 961 Pag
234 948 240 955 .
390 924 464 952 Lin.
789 923 889 952 Dicit.
1368 923 1521 956 Legatur.

181 1032 227 1069 23
389 1033 469 1070 Ult.
720 1042 784 1067 nn.
807 1039 851 1074 5ο
870 1036 909 1065 et
928 1040 971 1074 55
1162 1042 1226 1067 nn.
1243 1039 1288 1075 5ο
1316 1037 1353 1064 et
1373 1040 1430 1074 5ο,
1450 1028 1552 1075 quod
1570 1028 1617 1063 ad
1632 1028 1728 1063 Nea-

1165 1089 1296 1135 polim3
1325 1101 1362 1125 n.
1391 1097 1447 1133 57,
1473 1087 1574 1134 quod
1601 1087 1649 1123 ad
1666 1086 1729 1123 Si-

306 1179 310 1184 ,
1373 1148 1519 1183 ciliam.

173 1220 240 1256 215
391 1212 471 1248 Ult.
616 1209 717 1257 Epp.
741 1210 924 1252 Extern.‚
948 1217 961 1243 Ι
982 1208 1051 1246 fol.
1188 1209 1290 1253 Epp.
1312 1207 1480 1242 Extern.
1504 1215 1561 1251 27,
1592 1214 1605 1241 1
1631 1205 1701 1241 fol.

171 1272 240 1307 228
389 1271 470 1308 Ult.
636 1270 734 1315 Epp.
758 1269 940 1311 Extern.⁷
962 1277 981 1302 2
999 1267 1037 1303 ff.
1223 1268 1325 1313 Epp.
1346 1267 1518 1301 Extern.
1540 1275 1575 1308 2,
1595 1274 1615 1300 2
1636 1264 1678 1300 ff.

171 1339 239 1376 317
408 1329 455 1364 33
743 1328 834 1362 Ital.
855 1336 927 1371 141
1349 1326 1440 1360 Ital.
1461 1334 1547 1369 149.

174 1391 242 1426 328
414 1390 458 1425 26
774 1388 904 1433 specie
1172 1385 1308 1431 Specie
1328 1386 1415 1430 [pro
1436 1385 1589 1430 Speciem
1607 1386 1732 1429 portu

1373 1443 1535 1489 spedia]

171 1511 236 1555 371
389 1510 472 1546 Ult.
549 1507 674 1544 Adde:
702 1507 773 1542 «cf.
797 1512 836 1541 et
863 1507 920 1540 LE
946 1506 1204 1547 BACHELOER,
1234 1503 1461 1538 Bellarmin
1486 1505 1520 1536 et
1539 1513 1608 1535 son
1637 1501 1734 1537 Car-

598 1567 773 1607 dinahzt,
810 1565 886 1609 131,
920 1564 1017 1599 138.»

172 1630 242 1674 443
412 1637 456 1673 25
729 1625 843 1672 epist.
865 1626 947 1668 263.
1345 1621 1458 1667 epist.
1479 1621 1561 1664 264.

174 1698 243 1735 507
393 1689 476 1726 Ult.
793 1696 831 1720 n.
848 1684 881 1719 3.
1408 1692 1444 1716 n.
1463 1689 1495 1715 2.

173 1757 241 1794 577
412 1755 456 1782 22
735 1743 927 1779 Borckiou
1348 1739 1554 1774 Bocckiou.

176 1810 243 1855 580
358 1808 504 1854 penult,
769 1804 912 1849 Nargin
1239 1800 1385 1844 Nargni
1405 1802 1494 1843 (pro
1515 1797 1661 1839 Narni).

174 1869 243 1904 632
413 1869 456 1911 3‘3
684 1865 708 1900 il
729 1865 771 1900 P.
793 1865 836 1898 B.
865 1863 989 1898 Giaen
1175 1860 1316 1894 Textus
1357 1859 1468 1893 habet
1513 1858 1559 1892 nil
1602 1856 1645 1893 P.
1696 1856 1735 1891 b.

1171 1920 1348 1964 Giaen»;
1394 1919 1550 1952 videtur
1592 1916 1734 1950 tollen-

1172 1981 1266 2013 dum
1285 1978 1324 2012 τὸ
1360 1979 1444 2012 «buz
1481 1987 1618 2010 nomen
1645 1978 1734 2009 erat

1299 2037 1608 2077 Feralinandus.)

175 2107 245 2143 653
386 2104 490 2144 12·13
770 2101 934 2148 palaimo
1180 2097 1272 2143 Legi
1292 2097 1410 2130 etiam
1430 2098 1549 2140 [otest
1569 2093 1737 2139 palatino

176 2169 245 2212 636
367 2166 514 2212 penult.
766 2160 929 2197 trecenti
1375 2156 1534 2189 recenti.
