2045 3353
211 919 664 973 PRAEFATIO
726 918 1125 971 ALTERIUS
1183 918 1631 973 VOLUMINIS

697 1185 858 1228 1.-<1>E
894 1198 1144 1227 EPISTOLIS

191 1300 382 1342 Polanci
407 1299 740 1353 C0111s2plementa
765 1312 854 1340 uno
877 1298 1106 1341 volumine
1129 1300 1510 1353 comprehendere
1534 1314 1626 1342 non
1651 1314 1733 1355 po-

102 1377 286 1429 tuimus;
313 1384 600 1419 accesserunt
624 1376 742 1419 enim
766 1377 980 1432 epistolae
1012 1377 1193 1428 multae,
1221 1391 1337 1430 quae
1368 1377 1552 1419 nimium
1583 1392 1735 1420 excre-

99 1469 224 1498 scere
249 1454 459 1497 fecissent
482 1453 662 1504 librum,
690 1468 741 1497 ac
773 1455 982 1496 volumen
1012 1454 1202 1497 alterum
1232 1454 1418 1509 exigere
1448 1454 1733 1498 videbantur.

101 1534 166 1574 Ex
189 1532 242 1574 iis
264 1532 363 1575 illae
386 1538 492 1573 sunt
516 1546 631 1585 quae
653 1532 709 1573 ad
737 1532 983 1573 Polancum
1008 1531 1225 1573 vicarium
1249 1533 1507 1587 generalem
1538 1531 1735 1575 Societa-

101 1611 174 1661 tis,
202 1617 380 1652 mortuo
405 1611 590 1664 Borgia,
619 1609 843 1664 pertinent
867 1608 1113 1666 (158-216)
1138 1611 1164 1662 ¹,
1186 1618 1229 1652 et
1249 1609 1413 1664 quibus
1431 1609 1630 1652 cernitur
1653 1625 1734 1652 ex-

99 1687 206 1731 celsi
229 1687 308 1729 viri
331 1688 581 1743 diligentia,
609 1702 784 1730 sacrum
816 1687 1086 1742 depositum,
1116 1702 1256 1741 usque
1280 1688 1336 1729 ad
1362 1687 1466 1729 novi
1494 1687 1736 1743 praepositi

99 1764 383 1820 electionem,
410 1765 631 1808 intactum
654 1764 982 1807 conservantis.

188 1843 251 1884 Eo
276 1851 494 1898 tempore,
519 1842 636 1886 inter
659 1843 742 1885 alia
765 1841 953 1897 egregia
975 1856 1110 1896 opera
1140 1843 1196 1884 ad
1225 1841 1490 1897 religionem
1518 1842 1733 1885 tuendam

97 1934 148 1962 ac
172 1919 444 1963 Societatem
469 1920 819 1975 promovendam
843 1919 1071 1974 praestita,
1098 1919 1274 1962 Galliae
1303 1920 1587 1974 adjuvandae
1610 1919 1730 1962 solli-

97 1996 212 2039 citus
238 1997 464 2040 Polancus
488 2005 617 2051 rogat
640 1996 878 2041 Societatis
897 1997 1202 2040 moderatores
1228 2004 1275 2038 ut
1299 1996 1334 2039 si
1354 2011 1469 2051 quae
1493 2004 1734 2039 occurrant

99 2074 294 2116 rationes
317 2075 372 2116 ad
401 2076 522 2116 hunc
552 2075 703 2129 finem,
736 2088 912 2116 summo
944 2073 1143 2129 pontifici
1175 2075 1510 2130 proponendae,
1543 2073 1625 2116 sibi
1657 2089 1735 2129 per

98 2151 268 2195 litteras
288 2152 506 2195 indicatas
530 2159 690 2194 curent
713 2151 867 2208 (171).
889 2151 1032 2195 Simili
1052 2152 1184 2193 modo
1207 2152 1263 2193 ad
1286 2151 1559 2195 Germaniae
1582 2152 1731 2194 mode-

99 2238 266 2272 ratores
289 2229 468 2285 scripsit
491 2229 615 2286 (179,
641 2245 684 2272 n·
711 2232 773 2285 9);
807 2237 849 2273 et
881 2228 1114 2284 prodimus
1145 2243 1284 2271 unum
1316 2243 1580 2284 responsum
1612 2230 1732 2284 quod

99 2307 330 2360 habemus,
356 2308 436 2350 sed
458 2307 568 2350 illud
591 2307 755 2349 summi
780 2306 908 2362 pretii
932 2305 1084 2364 (199).

188 2385 358 2427 Notatu
380 2384 514 2427 etiam
545 2384 711 2440 dignae
749 2393 854 2427 sunt
885 2384 984 2427 illae
1014 2399 1129 2438 quae
1158 2384 1213 2426 ad
1244 2383 1550 2438 captivitatem
1584 2383 1729 2438 Aegi—

97 2462 158 2504 dii
195 2463 425 2506 Gonzalez
461 2463 650 2518 ejusque
683 2463 905 2504 sociorum
946 2460 1155 2518 sssectant
1193 2461 1408 2516 epistolae
1450 2461 1579 2518 (204,
1627 2462 1729 2512 212,

97 2540 201 2594 214,
223 2542 348 2592 etc.);
375 2548 469 2582 tum
493 2540 592 2582 illae
616 2554 732 2594 quae
755 2540 810 2581 ab
835 2539 1074 2581 Edmundo
1105 2539 1329 2594 Augerio,
1357 2538 1603 2581 clarissimo
1632 2553 1730 2580 san—

98 2616 159 2658 cti
175 2616 337 2672 Ignatii
366 2617 474 2671 filio,
500 2617 556 2660 de
585 2617 792 2660 civilibus
823 2631 873 2659 ac
904 2616 1074 2659 bellicis
1099 2616 1294 2672 negotiis
1332 2615 1507 2659 Galliae
1540 2615 1732 2671 scriptae

100 2700 194 2735 tum
217 2694 432 2749 temporis
450 2702 556 2736 sunt
578 2693 705 2751 (192,
732 2694 834 2746 20⁰,
861 2693 987 2750 215).

187 2772 399 2825 Magnam
428 2772 597 2814 ordinis
627 2772 763 2814 nostri
795 2771 1001 2813 instituto
1035 2779 1208 2814 crearat
1237 2770 1548 2813 difficultatem
1579 2770 1730 2812 decre-

100 2856 193 2888 tum
217 2849 262 2891 S.
294 2849 361 2890 Pii
390 2851 447 2904 V,
474 2864 564 2904 quo
594 2849 801 2894 Societas
830 2849 1057 2891 communi
1090 2849 1134 2890 in
1158 2850 1298 2890 choro
1323 2847 1594 2904 psalmodiae
1625 2848 1730 2891 dare

169 3033 179 3051 ¹
231 3033 350 3068 Hisce
370 3034 473 3080 typis
491 3036 746 3071 crassioribus
765 3035 980 3071 indicamus
1002 3046 1203 3071 numerum
1224 3034 1369 3070 ordinis
1391 3035 1630 3079 singularum
1650 3033 1727 3080 epi-

99 3092 299 3130 stolarum.
