1891 3292
530 185 1021 224 EPHEMERIDEs.-SEPT.
1050 189 1138 233 1556
1535 190 1603 234 589

22 288 211 336 consiliis
233 287 458 330 iuuemur.
487 285 653 328 Mirum
684 302 792 329 sane
824 287 947 331 dictu
981 297 1066 341 est,
1104 304 1237 344 quam
1272 305 1428 334 omnes
1451 291 1651 334 hilariter

23 349 100 395 Dei
121 348 398 390 voluntatem
423 346 618 399 amplexi
646 346 751 398 sint,
777 346 1088 391 desiderantes
1111 350 1245 392 etiam
1271 364 1403 404 quam
1429 351 1650 404 ocyssime

23 405 208 462 insequi.

104 467 151 509 In
175 472 366 507 mortem
391 465 442 507 R.
472 465 523 507 P.
551 463 694 504 nostri
724 465 886 518 Ignatii
917 473 961 508 et
998 468 1047 509 R.
1078 468 1128 509 P.
1157 468 1320 509 Olauei
1352 467 1529 522 plurimi
1554 482 1650 511 ver-

23 541 95 571 sus
116 523 268 579 scripti
290 530 397 565 sunt
419 530 464 565 et
486 522 622 564 etiam
649 523 767 576 typis
791 525 963 576 excusi,
991 525 1108 568 inter
1132 540 1245 580 quos
1269 527 1342 568 isti
1366 527 1502 579 diem,
1528 542 1649 570 men-

24 600 110 630 sem
132 590 176 628 et
199 597 367 625 annum
391 582 543 624 obitus
565 582 817 625 continent:

316 700 510 754 Quando
533 700 765 742 excedebat
780 701 890 754 pius
913 701 991 744 lzoc
1017 703 1230 758 [gnatius
1252 703 1356 746 orbe

435 760 578 801 lulius
601 763 805 801 extrema
830 760 924 801 luce
952 762 1137 804 cadebat
1160 763 1301 806 iners.

105 879 356 935 Sepulchro
382 880 433 921 R.
463 880 512 922 Ρ.
544 877 707 933 Ignatii
730 872 923 932 depositi
954 880 1101 934 figura
1129 881 1314 936 impieta
1343 889 1411 925 est
1434 895 1536 924 cum
1562 883 1653 937 epi-

24 940 169 997 taphio
191 939 386 992 quodam
410 938 558 980 soluta
578 937 784 980 oratione
801 939 921 991 quod
945 939 1061 982 diem
1080 941 1248 992 obitus,
1275 951 1319 983 et
1337 941 1436 995 ejus
1459 941 1652 985 indefes-

24 1015 92 1044 sos
112 999 287 1041 labores
311 1011 389 1051 pro
414 997 596 1039 Christo
620 995 898 1040 continebat.

107 1058 236 1101 Circa
260 1056 532 1112 principium
556 1056 836 1111 Septembris
858 1057 1026 1111 optima
1050 1059 1270 1111 quaedam
1295 1074 1374 1114 per
1398 1059 1572 1102 litteras
1591 1059 1653 1101 in-

27 1117 273 1162 telleximus
295 1130 350 1158 ex
377 1115 555 1166 Billom,
581 1130 637 1158 ex
666 1115 886 1170 Marchia,
920 1116 1050 1159 Senis
1079 1124 1123 1159 et
1153 1117 1248 1159 aliis
1278 1119 1410 1170 locis,
1438 1133 1554 1172 quae
1579 1133 1656 1174 per

25 1177 291 1223 Societatem
314 1182 513 1216 nostram
536 1174 711 1229 operari
734 1175 949 1228 dignatur
975 1176 1212 1220 Dominus,

107 1236 133 1278 6
156 1234 436 1290 Septembris
458 1233 762 1277 intelleximus
785 1242 975 1275 mortem
1001 1236 1053 1278 R.
1084 1237 1134 1277 P.
1163 1236 1380 1290 Quintini
1403 1237 1653 1289 Scherlert,

28 1296 99 1352 qui
129 1294 326 1338 Tornaci
355 1293 636 1349 praepositus
665 1300 760 1334 erat
789 1294 1063 1335 scholarium
1095 1296 1350 1338 Societatis.
1385 1297 1438 1338 R.
1475 1297 1526 1338 P.
1553 1295 1654 1346 iste,

28 1354 273 1399 canonicus
296 1352 595 1403 tornacensis,
622 1366 776 1395 sacrae
801 1353 1055 1408 theologiae
1078 1354 1362 1405 licenciatus‚
1389 1363 1433 1396 et
1458 1355 1559 1409 pius
1583 1356 1657 1396 ad—

29 1414 224 1464 modum,
258 1412 474 1456 Societati
505 1426 604 1454 sese
632 1411 802 1453 dedidit
832 1413 1021 1454 Louanii
1051 1428 1169 1455 anno
1203 1425 1328 1467 1551.
1362 1414 1539 1457 Deinde
1574 1415 1656 1456 Ro-

27 1488 137 1517 mam
177 1472 368 1515 veniens
407 1485 526 1514 anno
563 1472 721 1513 eodem
762 1471 940 1526 collegii
980 1473 1151 1514 romani
1191 1482 1337 1515 rector
1371 1474 1471 1523 fuit,
1513 1473 1659 1516 donec

26 1547 138 1576 anno
177 1541 289 1586 1554
319 1531 436 1573 circa
471 1532 635 1572 festum
665 1532 860 1585 paschae
891 1545 993 1572 cum
1026 1533 1077 1574 P.
1116 1532 1338 1584 Antonio,
1370 1532 1657 1575 obedientiae

26 1594 163 1644 iussn,
190 1590 447 1634 Flandriam
472 1597 711 1645 repeteret,
744 1604 825 1644 pro
854 1591 1169 1634 exhortatione
1197 1606 1407 1647 suprema
1438 1591 1568 1633 nobis
1592 1605 1656 1633 re-

26 1652 247 1706 linquens,
293 1658 340 1691 vt
383 1664 518 1704 quam
557 1649 895 1705 religiosissime
937 1651 1240 1692 obedientiam
1284 1652 1654 1701 obseruaremus>

29 1713 76 1755 R.
103 1712 152 1755 Ρ.
182 1716 386 1752 nostrum
406 1708 632 1763 Ignatium
652 1708 831 1750 maximi
851 1724 1027 1764 semper
1047 1711 1313 1761 faceremus,
1334 1718 1378 1751 et
1401 1711 1559 1752 sedulo
1582 1711 1653 1751 de-

27 1770 157 1825 nique
179 1784 258 1825 per
286 1768 512 1811 orationes
543 1768 814 1811 instaremus
845 1770 965 1823 apud
999 1769 1244 1811 Dominum
1273 1783 1415 1823 vsque
1451 1771 1506 1811 ad
1540 1784 1651 1811 mor-

29 1838 128 1884 tem,
154 1843 233 1884 pro
256 1842 364 1872 vero
387 1827 548 1882 spiritu
572 1827 829 1871 Societatis.

109 1900 134 1942 7
157 1888 295 1930 huius
317 1887 624 1930 intelleximus
647 1901 911 1942 prosperum
942 1887 1025 1930 iter
1057 1896 1313 1929 nostrorum
1339 1887 1415 1941 qui
1440 1888 1654 1942 Ingolsta-

27 1947 145 1990 dium
170 1948 370 1997 merant,
395 1954 440 1988 et
462 1947 595 1988 simul
627 1946 761 1988 etiam
791 1946 1041 1989 derisiones
1070 1946 1296 2002 insignes,
1324 1961 1436 2000 quas
1466 1947 1658 1989 sustine—

27 2008 132 2050 bant
160 2021 298 2062 quum
335 2006 644 2060 Oenipontem
680 2013 725 2048 et
756 2008 997 2048 Monacum
1033 2006 1396 2061 ingrederentur.
1438 2006 1658 2048 Intellexi—

28 2081 122 2109 mus
144 2067 277 2109 simul
306 2080 362 2107 ex
390 2065 551 2107 litteris
582 2067 643 2108 M.
678 2065 943 2116 Eleutherii,
977 2066 1166 2108 rectoris
1195 2064 1427 2108 Bibonaej
1460 2065 1656 2115 Siciliae,

28 2125 306 2169 foelicissime
328 2124 583 2181 migras[s]e
605 2124 661 2166 ad
696 2125 944 2167 Dominum
980 2125 1239 2167 Guidonem
1274 2124 1544 2175 Antonium,
1583 2125 1658 2178 qui

30 2199 241 2241 magnum
279 2184 565 2227 obedientiae
602 2184 873 2239 pietatisque
910 2186 1167 2238 exemplum
1205 2185 1261 2226 de
1299 2199 1347 2227 se
1390 2184 1659 2227 exhibuerat

28 2258 214 2300 semper,
254 2244 332 2298 qui
369 2243 503 2298 paulo
532 2251 774 2297 antequam
810 2253 1058 2286 moreretur
1091 2244 1269 2287 vetabat
1302 2244 1542 2297 quemdam
1567 2258 1657 2284 ma-

29 2316 165 2359 gnum
183 2303 342 2361 [sicjse
359 2311 561 2357 tangere,
580 2309 624 2345 et
643 2302 837 2358 dicebat,
860 2311 1047 2358 rogatus
1065 2318 1173 2344 num
1191 2303 1323 2346 vellet
1341 2303 1469 2354 mori,
1487 2317 1534 2343 se
1550 2302 1659 2343 nihil

32 2370 226 2406 metuere
248 2362 387 2413 aliud,
416 2376 548 2416 quam
573 2363 694 2416 quod
718 2376 837 2404 mors
860 2363 945 2404 iam
971 2362 1117 2404 vicina
1142 2370 1361 2416 parceret.

120 2434 166 2465 ΙΙ
208 2421 488 2477 Septembris
526 2421 763 2476 Neapolim
805 2421 930 2476 petiit
967 2422 1011 2463 in
1051 2422 1210 2464 lectica
1247 2422 1337 2463 don
1377 2422 1569 2462 Ioannes
1603 2420 1658 2462 de

32 2481 249 2524 Mendoza
271 2496 361 2523 vna
384 2495 489 2522 cum
514 2480 697 2523 domino
721 2482 909 2533 Iacobo,
935 2481 1132 2531 medico,
1159 2482 1326 2523 loanne
1350 2479 1553 2533 Baptista
1576 2479 1659 2520 fer—

31 2540 211 2583 rariensi
241 2548 287 2584 et
320 2539 582 2592 Lactantio;
616 2547 913 2595 consumptus
942 2555 1050 2583 vero
1085 2554 1160 2595 per
1192 2540 1305 2581 duos
1335 2538 1660 2593 propemodum

33 2613 219 2653 menses,
246 2599 455 2654 sequenti
478 2614 583 2641 mox
606 2607 739 2641 nocte
767 2608 974 2641 mortuus
1003 2606 1071 2641 est
1097 2599 1283 2641 feliciter
1307 2598 1350 2639 in
1375 2597 1564 2648 Marino,
1587 2596 1661 2637 vix

37 2669 84 2700 12
107 2666 182 2701 aut
210 2669 258 2713 15
284 2659 533 2700 miliaribus
556 2673 580 2700 a
604 2660 760 2701 Roma.
789 2658 897 2700 Eius
922 2673 1027 2701 vero
1051 2672 1215 2713 corpus
1239 2657 1445 2711 sequenti
1469 2671 1572 2698 mox
1590 2656 1661 2697 die

34 2717 216 2761 Romam
240 2719 496 2770 reductum,
522 2719 607 2759 sub
629 2733 868 2772 vesperum
892 2718 936 2759 in
962 2719 1130 2772 templo
1153 2724 1330 2770 nostro,
1358 2729 1480 2758 more
1503 2715 1659 2759 Socie-

33 2776 132 2818 tatis
153 2779 380 2832 sepultum
404 2785 488 2820 est.
635 2782 638 2784 ’

122 2848 170 2879 12
194 2837 474 2892 Septembris
497 2835 707 2879 abierunt
735 2851 790 2879 ex
819 2836 1012 2889 collegio
1037 2835 1266 2878 Ameriam
1298 2835 1535 2877 Andraeas
1563 2832 1660 2875 Fri-

33 2892 137 2948 sius;
165 2897 383 2948 Paduam,
410 2895 678 2938 Dominicus
696 2896 752 2939 de
775 2895 999 2947 Martinis,
1022 2895 1218 2937 Michael
1241 2895 1490 2945 loretanus‚
1513 2900 1555 2936 et
1575 2893 1660 2935 Lu-

98 3025 109 3059 J'
157 3027 326 3063 Piuonae
344 3039 415 3064 ms,
