1891 3292
272 165 339 208 696
779 161 966 195 POLANOE
993 170 1307 197 coMPLEMENTA

226 263 522 313 reducendae,
548 262 584 303 si
609 272 695 315 5oo
717 261 787 303 vel
811 261 895 303 600
918 261 1079 303 milites
1101 262 1282 304 lusitani
1300 275 1353 304 eo
1373 260 1672 313 mitterentur,
1695 274 1844 314 quam--

228 325 294 365 uis
312 324 355 363 in
374 322 540 364 virtute
558 319 841 363 obedientiae
861 333 935 374 per
955 321 1093 363 breue
1110 320 1267 363 fuisset
1285 320 1392 361 alias
1411 319 1660 361 iniunctum
1679 326 1727 360 vt
1744 319 1846 364 inde

228 382 456 424 recederet
479 380 523 420 in
549 380 774 434 Iaponem‚
806 378 1042 420 constituit
1071 386 1218 421 tamen
1243 379 1290 422 S.
1316 380 1364 422 S.
1392 386 1438 419 vt
1474 378 1743 420 scriberetur
1766 393 1842 432 pa—

230 440 450 482 triarchae
472 438 612 492 ipsius
635 438 775 479 libero
798 437 963 478 iudicio
986 438 1196 503 permitti,
1222 445 1369 478 Vtrum
1393 436 1454 478 ibi
1478 437 1766 489 manendum,
1792 451 1846 479 an

228 514 280 543 ex
306 497 515 552 Ethiopia
539 497 840 539 recedendum
871 504 1005 547 esset;
1026 503 1070 538 et
1092 496 1153 539 ita
1176 497 1343 541 facturn
1368 503 1452 537 est.
1479 496 1548 538 De
1570 496 1847 538 exhortando

229 571 336 614 rege
359 557 415 597 ad
438 555 771 610 expeditionem
804 530 1119 610 aethiopicam,
1152 570 1242 596 non
1273 563 1381 597 tunc
1410 554 1625 608 expedire
1647 553 1840 596 censuit.

318 626 389 668 74.
456 615 557 656 Hoc
589 627 707 655 anno
740 613 932 656 Tornaci
963 622 1140 668 praeter
1171 613 1346 655 initium
1380 613 1541 655 domus
1574 612 1849 666 probationis

229 676 408 717 scholae
431 681 535 714 sunt
559 680 753 727 apertae,
778 672 821 713 in
847 672 1011 726 quibus
1035 673 1161 727 pueri
1185 674 1337 728 legere
1359 679 1403 713 et
1422 671 1617 713 scribere
1639 671 1845 714 doceren

231 742 318 784 tur,
359 740 403 775 et
427 731 470 773 in
495 739 641 774 x.¹ana
663 731 868 773 doctrina
897 731 1257 780 instituerentur;
1290 739 1335 774 et
1363 730 1659 773 concionibus
1690 730 1737 770 P.
1769 731 1847 772 Ro-

230 792 344 835 berti
368 790 605 833 Claissonii
627 790 788 832 ciuitas
810 791 854 831 in
878 789 1184 844 spiritualibus
1216 789 1385 841 adiuta,
1419 797 1462 832 et
1495 790 1551 831 ad
1583 787 1848 831 desiderium

231 849 414 904 collegii
438 848 706 891 restituendi
728 849 922 891 excitata
944 860 1027 891 est.

321 919 391 962 75.
458 909 575 951 Cum
599 907 788 950 Louanii
812 907 995 962 linguae
1017 907 1254 950 hebraicae
1278 908 1524 962 praelector
1545 906 1636 948 vita
1665 905 1850 948 excesis-

233 975 317 1019 set,
342 982 459 1009 vnus
481 982 536 1010 ex
559 974 713 1008 nostro
737 967 945 1021 collegio,
973 967 1027 1008 ad
1057 967 1101 1007 id
1130 980 1295 1007 munus
1324 966 1548 1020 expetitus
1571 972 1614 1006 et
1643 966 1852 1007 obtentus

232 1035 315 1077 est,
353 1026 428 1080 qui
466 1028 638 1080 primus
672 1025 876 1080 publicae
907 1025 1003 1082 [sic]
1039 1025 1083 1067 in
1129 1040 1181 1067 ea
1215 1025 1506 1068 vniuersitate
1539 1023 1771 1078 praelegit,
1810 1030 1853 1066 et

233 1086 413 1140 quidem
451 1098 676 1126 concursu
709 1092 753 1126 et
776 1085 993 1138 applausu
1029 1084 1237 1125 maximo.
1277 1084 1349 1126 Ad
1383 1093 1561 1138 tempus
1600 1089 1748 1124 tamen
1787 1089 1852 1125 est

233 1158 491 1195 concessus;
526 1150 569 1186 et
599 1143 850 1184 iniunctum
881 1158 938 1186 ne
962 1143 1233 1196 stipendium
1258 1143 1351 1184 dari
1381 1142 1561 1183 solitum
1583 1140 1850 1184 admitteret.

323 1204 394 1256 76.
462 1204 635 1244 Domus
667 1201 980 1244 conuictorum
1014 1202 1233 1251 Turnoni‚
1269 1209 1312 1243 et
1348 1200 1621 1256 Ingolstadii,
1656 1214 1710 1241 ex
1735 1214 1853 1254 prae-

235 1262 402 1316 scripto
428 1263 477 1303 P.
505 1260 645 1302 nostri
669 1261 909 1315 generalis,
942 1262 1031 1302 hoc
1061 1275 1179 1302 anno
1208 1261 1424 1302 dissoluta
1447 1267 1514 1303 est
1537 1259 1767 1314 paulatim,
1793 1258 1852 1299 di-

234 1321 381 1362 missis
405 1319 749 1362 conuictoribus
773 1333 854 1361 nec
876 1320 1006 1361 nouis
1028 1319 1246 1362 admissis.

321 1390 392 1432 77.
459 1379 714 1433 Collegium
738 1379 966 1432 burgense
989 1379 1108 1432 quod
1139 1377 1388 1421 Cardinalis
1417 1385 1618 1428 vocatur,
1643 1391 1667 1417 a
1697 1375 1856 1419 comite

232 1439 379 1480 stabili
404 1446 451 1478 vt
481 1444 725 1480 executore
749 1438 1003 1479 testamenti
1030 1437 1294 1488 fundatoris,
1326 1436 1538 1480 Societati
1561 1436 1791 1486 donatum,
1815 1441 1856 1477 et

233 1511 258 1539 a
282 1511 413 1539 sumo
439 1497 654 1551 pontifice
677 1496 947 1550 applicatum
974 1496 1189 1539 Societati
1213 1503 1406 1547 nostrae,
1433 1495 1576 1538 eidem
1600 1493 1751 1535 comiti
1773 1500 1855 1535 sta—

232 1556 307 1597 bili
332 1556 646 1599 renunciatum
670 1563 753 1605 est,
781 1555 884 1609 quia
908 1555 1154 1610 litigiosum
1173 1563 1284 1606 erat,
1307 1568 1390 1596 nec
1409 1553 1613 1609 litigandi
1632 1552 1857 1595 molestiae

236 1616 501 1657 subeundae
525 1614 646 1656 visae
669 1621 789 1656 sunt.

322 1675 392 1726 78.
462 1673 792 1715 Maximilianus
827 1674 862 1714 H
907 1672 1147 1727 imperator
1186 1674 1271 1714 hoc
1315 1679 1533 1713 autumno
1577 1669 1858 1712 confirmauit

234 1732 413 1787 collegii
436 1732 661 1774 vienensis
684 1732 1011 1774 institutionem
1035 1739 1079 1773 et
1102 1732 1394 1783 dotationem,
1422 1745 1446 1771 a
1470 1730 1754 1773 Ferdinando
1783 1728 1856 1770 im-

234 1799 452 1846 peratore,
489 1799 614 1846 patre
647 1805 744 1844 suo,
783 1792 964 1841 factam,
1002 1798 1046 1831 vt
1080 1806 1134 1833 ex
1169 1789 1472 1845 imperialibus
1505 1788 1663 1830 litteris
1693 1787 1859 1844 (laudes

233 1850 411 1902 collegii
436 1858 478 1892 et
503 1850 741 1893 Societatis
764 1864 853 1890 non
879 1849 1078 1891 modicas
1102 1849 1452 1901 continentibus)
1477 1854 1668 1889 constat.

328 1920 398 1965 79.
465 1910 565 1950 Hoc
604 1922 721 1949 anno
760 1908 1038 1961 probationis
1075 1909 1236 1950 domus
1274 1922 1389 1963 quae
1426 1907 1661 1949 Valentiae
1700 1907 1856 1955 fuerat,

243 1968 465 2011 Gandiarn
494 1968 706 2008 translata
730 1977 810 2008 est.

329 2028 399 2068 80.
465 2027 581 2068 Cum
606 2026 692 2067 iam
716 2025 819 2068 inde
842 2027 897 2067 ab
921 2026 1129 2079 ingressu
1162 2033 1206 2066 et
1236 2024 1475 2068 residentia
1504 2031 1683 2066 nostrae
1713 2020 1858 2065 Socie-

240 2085 342 2126 tatis
364 2086 407 2126 in
433 2092 687 2140 augustana
712 2084 911 2136 ciuitate,
934 2100 1011 2138 pro
1030 2084 1347 2126 concionatore
1366 2082 1632 2125 cathedralis
1650 2080 1862 2124 ecclesiae

240 2144 582 2186 admitterentur
607 2158 631 2184 a
653 2143 848 2196 capitulo
873 2156 956 2184 2oo
979 2143 1134 2185 floreni
1159 2144 1227 2184 vel
1253 2156 1348 2196 3oo,
1374 2157 1486 2196 quos
1515 2141 1653 2182 nostri
1685 2140 1859 2194 quidem

237 2203 282 2244 in
305 2203 620 2245 eleemosinam
645 2202 701 2243 ad
724 2216 849 2242 suam
874 2204 1247 2244 sustentationem
1280 2202 1592 2252 admittebant,
1625 2200 1701 2242 sed
1734 2212 1861 2240 cano-

238 2261 325 2303 nici
350 2263 473 2304 velut
496 2260 767 2316 stipendium
792 2261 1052 2316 quod[d]arn
1077 2262 1182 2307 dare
1203 2261 1485 2310 videbantur,
1511 2273 1565 2300 ex
1591 2259 1861 2314 praescripto

243 2321 387 2362 Patris
424 2320 662 2375 generalis,
698 2319 1003 2371 significatum
1043 2328 1110 2362 est
1149 2320 1228 2370 eis,
1270 2320 1390 2373 quod
1428 2318 1471 2359 in
1512 2326 1737 2373 posterum
1777 2330 1862 2359 non

241 2389 390 2422 essent
420 2395 443 2420 a
472 2379 636 2420 nostris
665 2378 946 2428 admittendi
980 2379 1084 2420 licet
1112 2379 1251 2420 libere
1281 2386 1480 2420 nostram
1516 2391 1694 2431 operam
1730 2375 1793 2417 eis
1820 2374 1862 2416 in

239 2438 369 2479 solito
393 2437 639 2480 ministerio
662 2437 975 2487 concionandi,
1002 2437 1205 2480 Societas
1229 2438 1361 2480 vellet
1385 2437 1657 2491 impendere.
1691 2436 1745 2476 Et
1776 2435 1864 2475 fere

238 2498 396 2538 eodem
421 2504 636 2551 ternpore,
661 2510 764 2537 cum
789 2496 922 2536 datus
947 2497 1103 2537 fuisset
1133 2495 1401 2547 augustanis
1429 2495 1658 2537 secundus
1688 2491 1864 2535 concio—

241 2564 368 2597 nator
391 2557 445 2597 ad
469 2557 515 2598 S.
545 2554 820 2605 Mauritiurn,
846 2554 1017 2597 scilicet
1044 2541 1292 2596 P.Pa{11us
1315 2555 1492 2604 Offeus,
1515 2551 1863 2607 viceprouincia—

242 2614 309 2665 lis,
336 2615 425 2655 duo
449 2614 621 2656 nobiles
644 2629 698 2656 ex
724 2613 889 2655 familia
918 2614 1171 2668 suggerica
1198 2613 1476 2654 dotationem
1509 2626 1588 2666 pro
1618 2622 1671 2665 25
1705 2613 1760 2652 de
1788 2611 1862 2653 So-

243 2673 420 2720 cietate,
460 2681 503 2715 et
542 2674 688 2715 locum
725 2672 951 2727 proprium
985 2688 1009 2713 a
1042 2671 1346 2713 fundamentis
1380 2671 1663 2714 aedificatum
1697 2670 1864 2711 obtule-

245 2739 364 2782 runt
390 2746 493 2773 cum
517 2731 841 2773 monasterium
871 2731 1256 2772 dominicanorum
1287 2731 1409 2783 quod
1443 2729 1673 2784 petebant,
1699 2744 1725 2771 a
1751 2742 1864 2770 sum-

246 2805 316 2831 mo
341 2791 542 2844 portifice
564 2791 628 2832 eis
652 2798 910 2845 negaretur

336 2850 404 2892 81.
473 2850 572 2891 Hoc
595 2849 691 2903 ipso
715 2856 932 2890 autumno
958 2850 1007 2891 P.
1036 2848 1307 2890 Laurentius
1331 2846 1559 2902 Maggius,
1582 2843 1866 2901 prouincialis

248 2907 473 2957 Austriae,
509 2908 697 2962 collegia
732 2908 934 2962 polonica
968 2907 1137 2957 inuisit,
1173 2915 1217 2949 et
1251 2907 1467 2948 foeliciter
1499 2920 1552 2948 eo
1590 2907 1772 2946 functus
1803 2909 1867 2944 est

249 2966 411 3017 officio,
438 2966 482 3007 in
505 2966 706 3009 ordinem
730 2969 898 3008 bonum
923 2966 1112 3021 collegia
1130 2965 1354 3019 redigens3
1376 2972 1419 3007 et
1437 2964 1616 3019 quidem
1637 2964 1865 3016 bransper·
