1953 3333
285 228 330 273 98
779 227 965 261 POLANCI
991 234 1308 262 COMPLEMENTA

327 342 366 372 2.
431 330 522 384 Qui
552 337 700 371 autem
731 329 811 370 has
840 327 990 369 literas
1013 328 1070 369 ad
1102 342 1172 369 me
1200 341 1255 369 ex
1284 328 1517 382 Hybernia
1545 328 1731 381 detulit,
1758 344 1853 384 pre-

236 407 386 460 sbyter
414 405 660 448 catholicus
682 412 725 447 et
749 404 864 458 pius,
892 402 987 447 RJ'ni
1006 404 1141 446 huius
1163 404 1359 459 episcopi
1382 412 1551 448 tantam
1575 412 1620 447 et
1642 413 1852 449 constan·

234 482 337 524 tiam
368 482 410 522 in
440 481 657 524 catholica
689 481 776 523 fide
805 481 973 522 tuenda
1004 488 1048 522 et
1080 480 1384 535 integritatem
1415 481 1459 523 in
1487 482 1732 536 apostolica
1761 482 1850 524 vita

231 557 530 599 consectanda
558 564 893 609 commemorat,
920 564 967 597 vt
996 570 1160 611 magna
1185 571 1255 600 me
1283 557 1432 599 leticia
1453 572 1508 600 ex
1538 573 1590 601 ea
1614 573 1660 601 re
1689 559 1848 602 affece-

231 632 300 676 rit,
326 634 425 685 Ego
445 633 583 687 igitur
605 640 781 674 sanetas
799 632 940 686 ipsius
958 632 1110 675 literas
1129 633 1185 674 ad
1204 634 1257 676 T.
1280 634 1333 677 R.
1358 635 1409 676 P.
1436 635 1705 686 transmitto,
1727 642 1790 686 vt,
1813 635 1850 677 si

228 708 332 761 quid
363 710 475 751 forte
503 709 558 751 ad
581 709 677 752 eius
708 708 905 763 inopiam
934 709 1275 751 sustentandam
1306 710 1505 765 legitime
1528 711 1720 752 obtineri
1744 726 1847 766 pos-

226 784 297 836 sit,
324 799 406 827 nos
430 785 580 827 officio
602 792 758 827 nostro
783 800 872 827 non
896 785 1111 828 desimus.

314 875 354 915 3.
417 863 473 904 D.
496 863 691 903 Alanum
710 862 885 916 Copum
906 861 935 913 ⁴,
961 862 1037 916 qui
1062 864 1143 904 has
1167 863 1245 904 tibi
1269 864 1442 918 reddet,
1464 878 1553 906 non
1578 871 1645 908 est
1669 878 1783 919 opus
1799 870 1851 908 vt

224 938 549 989 commendem,
576 952 677 980 cum
700 953 835 993 opera
858 938 999 993 ipsius
1023 939 1120 980 orbi
1145 947 1364 981 terrarum
1389 940 1475 982 iam
1498 940 1574 982 diu
1598 955 1700 984 eum
1725 955 1847 983 coni·

225 1014 489 1057 mendarint.
514 1015 624 1057 Vale
642 1014 685 1055 in
704 1015 904 1065 Christo,
931 1015 1191 1057 charissime
1212 1019 1359 1071 Pater,
1382 1031 1433 1059 ae
1457 1032 1556 1060 meo
1578 1017 1761 1061 nomine
1778 1032 1845 1060 sa·

222 1092 358 1131 lutern
397 1090 518 1131 dieas
555 1091 812 1134 reuerendis
855 1091 1064 1133 Patribus
1104 1093 1159 1134 D.
1201 1093 1470 1147 Salmeroni,
1517 1095 1572 1135 D.
1615 1093 1764 1136 Natali
1804 1102 1849 1136 et

222 1168 274 1208 D.
308 1167 554 1218 Lede-simo,
585 1167 863 1221 eaeterisque
893 1168 1121 1223 omnibus,
1154 1183 1268 1222 quos
1303 1184 1389 1225 ego
1424 1170 1468 1211 in
1504 1169 1691 1213 veritate
1725 1184 1842 1225 amo,

218 1243 320 1297 quia
338 1243 463 1297 digni
485 1253 603 1285 sunt.
632 1246 795 1285 Datum
821 1245 1010 1287 Louanii
1033 1245 1060 1286 ὁ
1084 1246 1188 1287 Idus
1210 1247 1461 1301 Septembr.
1495 1258 1620 1300 1570.
1647 1247 1740 1289 Ora
1764 1262 1844 1302 pro

220 1319 348 1360 nobis
376 1320 430 1361 ad
454 1320 713 1363 Dominum.

313 1396 438 1437 Tuus
461 1396 505 1437 in
529 1396 711 1438 Christo
734 1397 940 1448 servitor,

920 1475 1166 1518 NlooLAus
1199 1477 1454 1520 SANDERUS
1490 1492 1532 1532 p.
1570 1477 1601 1519 ⁵.

310 1550 563 1602 Inscriptio.
598 1549 853 1591 Admodum
881 1551 995 1593 Rdo.
1026 1552 1162 1605 Patri,
1189 1552 1370 1594 domino
1396 1554 1608 1605 Polaneo,
1636 1554 1840 1597 Societa-

225 1624 277 1665 tis
294 1626 419 1680 Jesu.
450 1627 632 1667 Rornae.

310 1702 543 1743 Abscisum
563 1702 655 1757 fuit
677 1704 902 1758 sigillum.

291 1872 302 1890 4
354 1873 498 1906 Alanus
526 1872 655 1918 Copus
688 1873 837 1918 (Cope)⁷
872 1875 1121 1919 londinensis,
1157 1877 1223 1922 qui
1254 1877 1397 1911 Romae
1425 1878 1632 1912 canonicus
1663 1879 1843 1913 basilicae

223 1929 261 1964 S.
285 1930 388 1964 Petn
407 1937 498 1965 erat.
523 1932 880 1975 BRAUNSBERGER,
902 1935 972 1968 loc.
996 1934 1079 1978 cit„
1103 1935 1149 1979 V,
1171 1936 1254 1978 481.

295 1989 307 2007 ⁵
356 1989 591 2033 Theologiae
627 1990 818 2035 professor
850 1992 887 2026 in
923 1993 1137 2028 lovaniensi
1174 1995 1440 2029 universitate.
1479 1996 1842 2039 BRAUNSBERGER,

224 2058 284 2091 op.
303 2047 383 2090 cit„
407 2048 470 2091 VI,
494 2048 579 2091 356.
