1891 3292
218 221 283 264 598
727 215 915 249 POLANCI
942 223 1259 250 COMPLEMENTA

170 320 241 361 die
270 319 313 359 in
338 316 523 371 prandio
545 329 648 356 cum
676 314 772 356 aliis
806 316 1065 358 reuerendis
1093 316 1301 358 Patribus
1331 317 1448 371 apud
1477 331 1559 358 nos
1583 317 1681 360 fuit.
1710 320 1790 361 Re-

167 377 407 432 sponderat
427 388 533 417 vero
554 376 603 416 R.
630 376 761 415 Pater
781 374 980 416 Victoria
1003 374 1181 416 duobus
1204 374 1363 417 diebus
1384 376 1636 430 praeteritis
1655 377 1709 418 de
1727 377 1790 419 iu-

170 434 434 478 stificatione
457 440 501 475 et
524 433 579 473 de
603 433 900 474 Eucharistia.

261 494 309 535 18
335 492 469 533 huius
491 498 758 533 exornatum
781 498 849 532 est
872 490 1112 544 collegium
1132 506 1253 533 more
1273 492 1406 533 solito
1424 492 1600 547 tapetis,
1621 500 1664 534 et
1687 494 1790 535 alta-

170 553 202 594 ri
226 553 280 593 ad
303 551 634 606 processionem
666 551 721 592 V.
750 549 1074 600 Eucharistiae,
1107 564 1222 604 quae
1251 565 1306 593 ex
1339 551 1543 593 Minerua
1571 551 1788 605 prodibat.

261 623 311 666 19
332 610 467 650 huius
484 622 744 650 conuocans
765 609 819 649 ad
842 622 889 651 se
910 609 1048 652 Rdus.
1073 611 1204 651 Pater
1222 609 1415 651 vicarius
1432 610 1687 653 sacerdotes
1706 612 1815 652 col--

166 669 287 723 legii,
314 676 500 723 paterno
523 668 686 709 affectu
710 667 924 709 indicauit
948 682 1143 721 quonam
1175 675 1307 722 pacto
1338 682 1407 710 res
1437 668 1675 712 Societatis
1698 684 1794 713 sese

168 729 401 770 haberent.
429 728 627 768 Narrans
648 726 846 769 breuiter
877 726 1091 769 institisse
1124 728 1281 769 Patres
1310 735 1486 769 nostros
1514 727 1610 768 istis
1639 727 1795 770 diebus

167 787 285 841 apud
305 785 579 841 pontificem,
607 793 654 826 ut
673 785 826 828 liceret
849 785 955 839 ipsis
973 785 1035 826 ire
1058 786 1101 826 in
1128 785 1385 840 Hispanias,
1407 794 1456 827 ut
1475 787 1695 839 eligerent
1718 801 1792 842 ge·
1842 834 1847 846 Ι

167 847 379 895 neralem,
405 844 577 886 distulit
600 844 694 898 ipse
718 858 981 898 responsum
1000 844 1055 884 ad
1078 844 1173 887 dies
1196 845 1379 898 aliquot;
1402 853 1445 887 et
1468 844 1645 886 interim
1668 859 1793 887 exor-

167 913 238 946 tus
260 912 327 946 est
352 905 403 945 P.
432 903 637 957 Pontius,
659 902 735 956 qui
752 903 962 944 omnibus
981 902 1132 944 insciis
1156 904 1211 944 ad
1236 903 1493 958 pontificem
1512 903 1793 958 supplicatio-

167 977 268 1005 nem
298 962 435 1015 dedit,
462 976 539 1016 per
570 962 961 1004 reverendissimos
989 962 1237 1004 cardinales
1265 963 1557 1016 Tranensem,
1591 964 1792 1005 Reuma-

167 1036 290 1071 num,
317 1029 360 1064 et
382 1047 439 1050 —-
462 1045 518 1050 —
539 1046 597 1050 -
620 1022 638 1040 ⁰
664 1029 709 1061 ut
734 1035 824 1062 non
849 1021 1174 1063 concederetur
1198 1021 1362 1062 nostris
1391 1020 1608 1075 profectio
1639 1021 1683 1062 in
1716 1022 1794 1064 Hi-

165 1080 358 1135 spanias,
385 1080 501 1122 uelle
524 1094 718 1133 namque
741 1079 841 1121 illos
864 1080 1182 1133 subterfugere
1211 1080 1511 1121 obedientiam
1543 1080 1661 1122 sedis
1684 1095 1793 1135 apo-

166 1139 365 1190 stolicae3
392 1139 559 1181 habere
582 1139 802 1192 quaedam
827 1139 1124 1181 intolerabilia
1147 1138 1192 1179 in
1222 1138 1637 1191 constitutionibus3
1663 1139 1792 1181 deni-

168 1211 254 1252 que
295 1198 409 1240 uelle
446 1198 544 1238 illos
582 1199 839 1252 generalem
878 1212 961 1238 suo
1003 1198 1136 1239 modo
1179 1198 1480 1249 constituere,
1529 1197 1604 1251 qui
1648 1198 1797 1240 omnia

167 1258 336 1299 faceret
359 1270 439 1311 pro
462 1256 607 1298 libitu.
636 1256 755 1298 Hinc
779 1258 949 1298 factum
974 1264 1041 1297 est
1067 1265 1113 1297 ut
1138 1257 1338 1311 pontifex
1369 1256 1548 1298 iusserit
1586 1257 1633 1298 18
1663 1257 1797 1299 huius

166 1331 243 1370 per
278 1315 531 1370 praedictos
562 1315 812 1357 cardinales
845 1316 955 1357 Rdo.
1001 1315 1123 1357 Patri
1164 1315 1330 1357 vicario
1368 1314 1417 1357 ut
1450 1316 1567 1356 intra
1600 1315 1796 1358 triduum

167 1388 322 1416 omnes
345 1373 690 1416 constitutiones
713 1381 757 1416 et
782 1375 926 1416 bullas
949 1374 1204 1424 Societatis,
1231 1375 1429 1416 omnium
1464 1375 1568 1415 item
1600 1375 1793 1428 nomina,

166 1433 241 1488 qui
265 1434 432 1475 Rornae
460 1442 580 1486 sunt,
608 1433 663 1474 ad
693 1448 741 1475 se
770 1433 982 1484 deferret,
1013 1440 1057 1475 et
1088 1433 1313 1476 neminem
1348 1435 1487 1476 Roma
1517 1433 1795 1488 permitteret

147 1492 284 1543 ,exire
308 1492 404 1534 sine
426 1492 566 1546 ipsius
590 1492 785 1533 licentia.
813 1492 1063 1534 Confessus
1085 1499 1153 1535 est
1178 1507 1309 1534 suum
1331 1493 1498 1534 factum
1519 1492 1727 1544 Pontius,
1753 1501 1796 1535 et

163 1551 224 1592 ita
248 1552 414 1592 facturn
438 1558 505 1592 est
531 1551 905 1605 quemadmodum
925 1551 1053 1592 iussit
1072 1551 1291 1605 pontifex.
1313 1551 1494 1593 Interim
1514 1551 1711 1593 orandus
1729 1559 1796 1594 est

164 1609 402 1660 Dominus,
431 1617 478 1650 ut
508 1610 656 1651 omnia
685 1611 795 1652 haec
824 1609 869 1650 in
898 1611 1185 1651 commodum
1217 1610 1458 1654 Societatis
1487 1618 1647 1662 vertat,
1681 1611 1795 1653 sicut

165 1669 218 1710 de
236 1668 377 1722 ipsius
401 1668 680 1723 benignitate
704 1669 887 1710 omnino
911 1670 1184 1723 sperandum
1208 1676 1295 1711 est.

252 1739 307 1769 20
330 1727 480 1778 huius,
507 1727 705 1781 quinque
730 1728 1133 1769 reconciliabantur
1157 1743 1260 1770 cum
1284 1728 1452 1770 nostris
1474 1727 1517 1769 in
1542 1728 1796 1771 carceribus

166 1786 322 1827 Turris
352 1787 525 1828 Nonae.
562 1788 714 1840 Itaque
743 1787 1004 1828 inflammati
1024 1794 1147 1838 sunt,
1175 1794 1224 1829 ut
1253 1787 1431 1842 ipsimet
1461 1787 1515 1828 ad
1548 1801 1596 1828 se
1638 1787 1792 1829 uenire

161 1844 360 1886 curarint
383 1846 679 1896 sacerdotem,
706 1860 731 1887 a
754 1860 843 1900 quo
867 1847 924 1888 V.
951 1846 1281 1888 Eucharistiam
1306 1845 1602 1900 susciperent.

251 1904 419 1946 Eodem
450 1904 522 1946 die
553 1904 708 1945 moniti
737 1919 894 1946 sumus
923 1919 1050 1947 orare
1081 1905 1412 1947 feruentissime
1436 1919 1515 1959 pro
1540 1912 1632 1946 tota
1655 1905 1795 1948 eccle-

161 1962 241 2014 sia,
269 1969 313 2005 et
338 1963 529 2005 maxime
558 1978 638 2017 pro
676 1964 903 2006 Societate
941 1972 1111 2006 nostra.
1149 1964 1480 2018 Praescriptum
1512 1978 1620 2006 vero
1650 1970 1719 2006 est
1748 1970 1796 2005 ut

162 2020 261 2062 laici
285 2021 555 2075 peculiarem
580 2022 771 2075 aliquam
797 2023 1043 2064 orationem
1067 2022 1260 2077 singulis
1283 2023 1486 2066 dicerent
1515 2022 1691 2073 diebus,
1728 2037 1794 2064 sa-

161 2080 367 2122 cerdotes
390 2094 496 2121 vero
519 2081 752 2123 collectam
773 2083 998 2135 quandam
1022 2082 1066 2123 in
1091 2096 1234 2123 sacro.

252 2150 307 2191 24
332 2140 403 2180 uel
428 2149 480 2191 25
507 2139 658 2193 huius,
685 2140 872 2181 mirabili
899 2141 983 2183 Dei
1007 2141 1152 2195 gratia
1176 2141 1412 2194 impetrata
1435 2147 1503 2182 est
1526 2139 1706 2182 licentia
1730 2154 1794 2182 re-

160 2198 369 2239 uerendis
396 2198 605 2239 Patribus
628 2199 808 2251 nostris,
843 2200 979 2242 eundi
1011 2200 1055 2241 in
1085 2199 1376 2242 Germaniam
1409 2205 1585 2254 praeter
1613 2213 1793 2242 omnem

163 2270 304 2311 spem.

248 2316 355 2358 Item
400 2316 559 2358 eodem
602 2316 673 2359 die
723 2320 842 2370 (erat
886 2324 1047 2359 octaua
1099 2318 1163 2359 V.
1217 2317 1500 2360 Sacramenti
1544 2322 1589 2358 et
1632 2317 1794 2357 festum

163 2374 210 2417 S.
237 2373 414 2416 Ioannis
440 2375 698 2429 Baptistae),
737 2375 938 2417 ultimam
972 2390 1097 2418 suam
1127 2376 1364 2418 lectionem
1393 2375 1497 2418 fecit
1515 2376 1568 2417 R.
1599 2376 1651 2417 P.
1677 2375 1794 2429 Lay-

161 2447 260 2484 neZ,
283 2447 415 2487 quam
436 2448 513 2488 per
530 2434 702 2477 calores
725 2434 838 2475 istos
860 2435 1091 2477 mensibus
1110 2434 1281 2489 aliquot
1305 2434 1461 2476 statuit
1487 2433 1793 2477 intermittere.

249 2502 301 2545 25
329 2492 466 2534 huius
509 2493 564 2534 ad
606 2493 851 2548 collegium
901 2501 1105 2535 nostrum
1137 2493 1261 2536 uenit
1292 2494 1344 2535 R.
1374 2495 1425 2535 P.
1454 2493 1627 2536 Natalis
1657 2500 1705 2534 ut
1735 2491 1794 2533 illi

164 2558 348 2604 praeslt.

248 2611 416 2652 Eodem
455 2610 527 2652 die
565 2610 832 2653 conuocatis
872 2610 1084 2652 fratribus
1122 2612 1177 2652 ad
1217 2610 1504 2654 refectorium
1546 2611 1646 2652 uale
1684 2609 1793 2651 dixit

160 2668 211 2709 R.
236 2670 284 2711 P.
309 2669 536 2719 Canisius,
559 2669 727 2724 gratias
745 2683 888 2724 agens
908 2684 986 2724 pro
1004 2669 1223 2712 charitate
1243 2684 1330 2724 qua
1349 2684 1374 2710 a
1393 2669 1558 2711 nostris
1576 2675 1792 2722 exceptus

161 2734 270 2780 erat,
298 2736 341 2770 et
364 2730 610 2770 exhortans
636 2736 683 2770 ut
714 2743 793 2783 pro
822 2743 870 2771 se
899 2736 943 2771 et
966 2728 1050 2770 iter
1079 2728 1322 2783 agentibus
1354 2741 1654 2783 precaremur.
1683 2727 1792 2769 Item

159 2799 240 2838 pro
264 2787 487 2841 colloquio
510 2787 787 2842 germaniCO‚
815 2787 870 2829 ad
894 2788 1014 2841 quod
1044 2786 1140 2842 ipse
1163 2801 1264 2829 cum
1290 2789 1341 2829 R.
1372 2789 1422 2829 P.
1448 2787 1672 2829 Gaudano
1697 2801 1791 2841 per-

229 2946 245 2963 0
299 2938 460 2972 Lacuna
486 2942 540 2973 est
565 2939 608 2973 in
633 2951 721 2980 ms.,
751 2942 794 2973 ut
818 2939 934 2983 infra
959 2941 1072 2983 saepe
1097 2939 1237 2983 (quam
1262 2939 1417 2973 lineolis
1441 2937 1789 2984 significabimus).

169 2984 331 3018 Videtur
355 2997 480 3019 novus
504 2986 632 3020 scriba
658 2987 897 3021 adversaria
931 2986 1164 3021 Theodorici
1190 2985 1360 3030 Majoris
1383 2985 1452 3031 (cf.
1480 2988 1616 3020 annot.
1648 2987 1686 3029 Ι)
1714 2996 1790 3019 non

160 3035 312 3076 semper
329 3031 559 3078 intelligens
578 3033 857 3069 transcribere.
