1891 3292
592 201 1129 248 COMMENTAmOLA.-1566
1559 206 1629 251 669

45 300 345 346 conscientiae
368 314 444 343 reo
468 316 630 344 noxam
654 304 945 355 condonauit;
973 307 1094 359 quod
1118 305 1278 348 attinet
1302 307 1357 348 ad
1383 307 1526 349 forum
1551 315 1673 352 exte-

47 362 222 411 riorem,
248 374 296 402 se
319 374 411 402 rem
436 361 843 414 consideraturum,
869 371 914 404 et
938 366 1058 417 quod
1084 374 1233 419 posset
1251 366 1346 408 fieri
1372 380 1419 409 se
1453 368 1676 410 facturum

48 426 231 473 recepit.

131 478 248 521 Cum
271 485 421 520 autern
446 491 534 530 ego
552 478 628 532 qui
652 479 831 521 aderam
857 481 946 522 hoc
970 480 1067 535 ipso
1090 481 1178 531 die,
1205 482 1248 524 id
1278 491 1366 533 est,
1395 495 1449 536 27
1479 485 1676 528 Nouem—

46 537 149 584 bris.
186 537 467 579 consulerem
502 537 759 592 pontificem
790 553 845 579 an
877 539 1103 582 videretur
1133 541 1173 582 ei
1202 542 1429 595 expedire,
1462 552 1508 584 vt
1538 544 1677 586 nostri

45 596 118 652 qui
141 596 185 637 in
212 596 402 638 Malucis
424 606 582 651 agunt,
607 604 651 639 et
695 597 912 640 maximas
940 600 1172 640 hominum
1198 603 1365 653 turbas,
1396 603 1510 644 Vltro
1534 602 1676 658 bapti—

45 670 186 699 smum
211 663 431 710 petentes,
458 663 560 710 post
584 656 909 698 catechismum
930 658 1225 713 baptizarent,
1251 674 1351 701 cum
1379 675 1426 702 re
1449 676 1555 703 vera
1579 677 1676 716 pro·

43 723 138 771 pter
165 728 320 756 eorum
344 715 694 757 multitudimem
720 716 932 770 (plurima
962 718 1079 759 enim
1112 718 1248 759 millia
1271 727 1313 762 et
1343 719 1387 760 in
1417 720 1574 762 insulis
1604 736 1677 762 va-

44 775 116 816 riis
139 773 369 815 christiani
392 788 493 827 esse
515 775 746 827 volebant)
772 789 861 816 non
897 784 1078 828 possent
1110 784 1208 831 post
1238 779 1509 833 baptismum
1530 794 1607 821 eos
1629 787 1677 821 vt

43 833 209 877 vellent
232 832 541 885 instruere‚‚et
566 833 608 874 in
634 833 726 875 vita
751 835 1026 878 christianae
1049 835 1153 878 fidei
1183 846 1487 879 consentanea
1516 839 1676 881 retine-

43 907 103 946 re,
131 892 359 947 respondit
383 892 469 933 sibi
498 893 657 943 videri,
684 901 731 934 vt
754 895 810 934 ad
840 908 916 936 eos
947 896 1281 937 conuertendos
1311 903 1354 939 et
1384 896 1678 952 baptizandos

4 973 11 985 ·-
43 966 89 995 se
111 952 251 993 nostri
276 953 572 995 extenderent
596 966 710 1006 quos
728 952 772 994 in
797 953 1032 1007 relligione
1051 955 1187 996 semel
1207 963 1415 1010 suscepta
1439 970 1677 999 conserua-

44 1025 88 1053 re
110 1018 312 1065 possent,
338 1025 394 1052 ne
419 1024 532 1064 quos
558 1012 687 1053 facile
710 1012 814 1054 fidei
837 1012 1170 1064 lucrifacerent,
1199 1014 1326 1056 facile
1349 1014 1481 1056 etiarn
1499 1016 1679 1057 defectu

20 1081 22 1083 ·
41 1069 350 1112 instructionis
373 1070 660 1113 amitterent.

131 1139 201 1182 57.
270 1131 369 1184 Ipso
389 1128 496 1186 [die]
517 1131 565 1173 S.
587 1131 816 1181 Andreae,
839 1129 1023 1172 domina
1042 1132 1173 1171 Ioana
1193 1132 1443 1186 Aragonia,
1470 1132 1566 1174 aliis
1584 1147 1677 1175 car-

43 1188 264 1231 dinalibus
307 1195 352 1229 et
376 1189 602 1231 nobilibus
626 1189 733 1231 viris
757 1189 930 1231 vocatis
953 1190 1008 1231 ad
1033 1190 1212 1231 missam
1242 1198 1286 1232 et
1315 1192 1576 1234 concionem
1602 1194 1677 1234 ha-

43 1247 176 1289 bitam
200 1247 245 1289 in
270 1249 437 1303 templo
462 1249 510 1292 S.
544 1250 756 1292 Andreae
788 1249 832 1291 in
863 1251 1018 1291 Monte
1048 1250 1250 1300 Cauallo,
1279 1251 1516 1305 recognita
1540 1259 1608 1294 est
1632 1260 1679 1293 vt

43 1307 270 1348 fundatrix
293 1307 454 1349 domus
477 1308 754 1362 probationis
773 1315 953 1350 nostrae
971 1308 1223 1359 Societatis,
1244 1309 1408 1352 ibidem
1428 1310 1676 1361 institutae,

42 1373 84 1409 et
113 1367 344 1409 candelam
376 1382 457 1421 pro
487 1381 611 1409 more
642 1375 873 1422 acceptam
903 1381 1005 1409 cum
1035 1368 1243 1422 insigniis
1267 1368 1447 1423 generis
1476 1369 1559 1421 sui,
1590 1370 1682 1411 filio

42 1440 123 1467 suo
157 1427 212 1469 D.
258 1428 412 1469 Marco
451 1427 654 1469 Antonio
694 1428 945 1469 Columnae
983 1427 1146 1468 ibidem
1188 1428 1428 1482 praesenti,
1467 1435 1680 1483 tanquam

43 1486 291 1527 successori
314 1499 398 1527 suo
422 1486 561 1528 dedit.
584 1488 837 1529 Dotauerat
860 1494 1011 1528 autem
1032 1486 1155 1540 prius
1178 1488 1381 1530 eamdem
1403 1488 1682 1542 probationis

0 1562 1 1583 l
42 1544 239 1596 domum3
265 1551 309 1587 et
329 1545 600 1589 auctoritate
619 1546 861 1600 pontificis,
884 1560 907 1587 a
931 1546 1064 1587 domo
1083 1546 1298 1600 professa,
1322 1546 1394 1588 cui
1419 1548 1564 1589 fuerat
1584 1547 1679 1589 uni-

0 1622 1 1651 ι
43 1610 100 1657 ta,
125 1603 316 1646 ecclesia
340 1618 443 1646 curn
466 1604 680 1647 viridario
723 1603 972 1661 tran[s]lata
996 1614 1063 1646 est
1108 1605 1239 1647 simul
1263 1619 1366 1647 cum
1390 1606 1526 1647 domo
1550 1606 1683 1647 fabri-

0 1664 1 1720 l
42 1670 137 1706 cata
160 1663 205 1705 in
229 1664 413 1705 domum
438 1664 735 1719 probationis;
762 1673 807 1707 et
830 1664 982 1706 domui
1014 1666 1243 1720 professae
1269 1679 1368 1719 pars
1392 1666 1553 1706 domus
1577 1680 1680 1707 con-

0 1730 1 1763 l
43 1722 195 1778 tiguae
218 1731 262 1765 et
285 1723 443 1766 vineae
467 1724 523 1765 ab
546 1725 705 1767 eadem
729 1724 910 1766 domina
929 1726 1095 1766 Ioanna
1114 1724 1280 1765 donata
1303 1732 1387 1775 est,
1408 1731 1452 1766 vt
1471 1739 1679 1779 compen-

0 1766 2 1812 ἶ
43 1790 216 1824 saretur
239 1783 361 1836 quod
384 1783 441 1824 ab
464 1797 517 1825 ea
541 1784 915 1827 transferebatur.

129 1842 198 1894 58.
267 1842 384 1884 Cum
409 1856 614 1885 summus
638 1843 840 1898 pontifex
858 1843 914 1885 de
940 1841 1260 1885 reformatione
1277 1842 1490 1885 Datariae
1509 1850 1681 1897 ageret,

41 1914 141 1942 cum
165 1900 340 1942 datario
363 1903 478 1943 duos
499 1901 798 1957 iurisperitos‚
819 1909 863 1944 et
884 1910 973 1943 tres
993 1902 1233 1956 theologos
1255 1916 1371 1952 esse,
1397 1910 1441 1943 et
1467 1917 1605 1943 unum
1629 1917 1683 1944 ex

43 1958 92 2001 iis
114 1974 170 2003 ex
193 1960 422 2003 Societate
446 1961 583 2016 deligi
609 1962 766 2012 voluit,
792 1969 837 2003 et
861 1962 920 2004 ita
947 1963 1081 2003 Pater
1100 1961 1326 2015 generalis
1344 1961 1482 2015 elegit
1508 1960 1683 2018 Po[lan-

42 2018 180 2075 cum],
207 2020 284 2074 qui
314 2032 364 2062 12
390 2021 658 2063 Decembris
680 2020 1027 2076 congregationi
1052 2020 1270 2062 interesse
1293 2020 1423 2074 cepit.

130 2089 200 2134 59.
270 2081 518 2134 Postquam
538 2080 798 2123 meretrices
815 2094 1019 2122 summus
1039 2080 1241 2134 pontifex
1265 2079 1309 2121 in
1329 2080 1419 2121 duo
1438 2080 1536 2121 loca
1554 2080 1679 2134 igno·

30 2136 143 2180 (bilia
169 2138 302 2180 Vrbis
327 2138 495 2181 includi
519 2140 666 2192 iussit,
693 2148 737 2182 et
761 2140 817 2181 ad
840 2139 924 2181 alia
949 2139 1112 2194 templa
1138 2153 1271 2193 quam
1302 2139 1357 2181 ad
1389 2139 1479 2180 duo
1504 2140 1573 2181 vel
1600 2138 1682 2180 tria

43 2197 278 2252 designata
312 2199 368 2239 ad
401 2199 645 2241 conciones
683 2199 931 2241 audiendas
970 2198 1187 2241 accedere
1226 2198 1474 2253 prohibuit,
1517 2198 1682 2240 nostris

43 2256 174 2298 etiam
198 2257 503 2299 concionandi
535 2273 642 2301 cura
671 2259 942 2302 demandata
971 2265 1054 2310 est,
1090 2257 1165 2310 qui
1196 2273 1288 2300 rem
1320 2257 1557 2311 auspicati,
1592 2272 1679 2298 non

43 2315 256 2370 exiguum
281 2331 434 2358 earum
462 2332 716 2369 numerum,
743 2319 798 2360 ad
823 2319 1064 2360 honestum
1083 2316 1202 2358 vitae
1220 2331 1383 2372 genus,
1406 2318 1504 2359 Deo
1523 2317 1679 2358 iuuan-

45 2381 101 2427 te,
126 2377 474 2420 transtulerunt.

130 2435 199 2477 60.
267 2436 365 2478 Sub
390 2437 554 2479 festum
595 2436 908 2491 conceptionis
933 2437 985 2477 B.
1014 2433 1216 2489 Virginis
1235 2434 1420 2475 Taurini
1438 2434 1553 2475 iacta
1577 2441 1681 2474 sunt

45 2493 339 2536 fundamenta
363 2495 471 2538 noui
489 2496 685 2550 collegii,
712 2503 755 2538 et
780 2497 834 2537 D.
861 2497 1100 2537 Aleramus
1122 2495 1334 2544 Becutus,
1355 2507 1494 2536 senex
1517 2493 1613 2534 sine
1631 2493 1680 2533 li-

44 2552 176 2605 beris,
203 2554 494 2597 donationem
519 2555 625 2597 fecit
648 2555 763 2597 inter
786 2554 916 2596 viuos
937 2567 1020 2607 3oo
1044 2560 1083 2597 V
1111 2552 1207 2594 auri
1227 2552 1270 2593 in
1290 2553 1496 2606 singulos
1519 2566 1678 2602 annos,

46 2619 88 2652 et
110 2620 210 2667 post
233 2620 421 2656 mortem
454 2615 597 2656 multo
625 2614 777 2669 plures
805 2628 854 2657 se
884 2614 1144 2654 relicturum
1174 2611 1470 2666 significauit.
1504 2613 1682 2653 Domus

44 2670 191 2723 etiam,
220 2679 491 2716 testamento
513 2675 692 2729 legatae
710 2689 735 2715 a
762 2675 818 2715 D.
848 2672 1050 2715 Antonio
1075 2671 1291 2721 Albosc0,
1319 2678 1449 2724 capta
1473 2678 1540 2712 est
1581 2684 1679 2725 pos-

44 2731 199 2783 sessio3
220 2740 264 2774 et
282 2733 462 2788 collegii
481 2747 588 2774 cura
608 2740 821 2787 tanquam
841 2731 955 2773 initii
974 2730 1225 2780 cuiusdam,
1246 2744 1271 2770 a
1298 2731 1347 2771 P.
1369 2737 1521 2770 nostro
1544 2743 1680 2784 gene-

44 2789 121 2830 rali
162 2799 374 2845 suscepta
396 2799 480 2846 est,
528 2793 774 2834 dummodo
798 2792 894 2833 sine
937 2791 1024 2831 vlla
1049 2788 1340 2843 obligatione,
1367 2798 1543 2842 praeter
1581 2802 1679 2831 eam

45 2861 174 2902 quam
198 2865 253 2894 ex
276 2865 359 2892 suo
382 2851 590 2893 instituto
613 2852 753 2893 habet
774 2850 993 2900 Societas,
1020 2847 1188 2903 suscipi
1211 2854 1463 2891 constaret.

129 2908 201 2951 61.
269 2911 412 2952 Paulo
435 2919 540 2953 ante
563 2910 931 2965 archiepiscopus
957 2907 1287 2959 ambrunensis,
1306 2914 1498 2949 euocato
1524 2908 1571 2948 Ρ.
1593 2907 1679 2949 Lu-

44 2965 203 3009 douico
235 2969 291 3010 de
320 2970 571 3021 Coudreto,
605 2970 660 3013 de
694 2970 888 3024 collegio
922 2966 1146 3009 Ambruni
1180 2966 1460 3008 instituendo
1493 2966 1604 3020 egit,
1638 2973 1683 3008 et

46 3034 220 3079 praeter
243 3028 442 3082 domum,
468 3042 554 3086 900
578 3029 757 3071 francos
780 3027 983 3071 redditus
1007 3025 1146 3068 annui
1170 3039 1251 3081 pro
1274 3026 1420 3081 primo
1450 3024 1579 3067 initio
1601 3039 1684 3081 per
