1891 3292
241 232 310 265 600
336 216 340 222 ¹
749 228 936 262 Pormcr
962 235 1275 262 COMPLEMENTA

199 338 246 374 ut
275 344 399 371 suam
432 329 486 369 de
524 327 870 370 intermittendis
898 326 1165 368 lectionibus
1193 327 1461 369 sententiam
1491 326 1656 382 singuli
1691 328 1810 370 dice-

196 396 309 436 rent,
336 402 450 441 quae
473 386 684 440 deinceps
707 385 986 429 intermissae
1009 392 1113 426 sunt
1142 392 1242 439 post
1271 385 1522 439 prandium;
1549 393 1653 428 ante
1684 401 1814 440 pran-

195 449 316 490 dium
333 453 481 487 autem
502 445 643 486 solum
663 454 757 486 erat
774 444 906 487 lectio
925 459 1001 499 per
1019 444 1347 497 sesquihoram3
1369 444 1538 486 fiebant
1557 451 1704 487 tamen
1728 444 1811 487 dis·

197 505 450 561 putationes
473 504 743 545 domesticae
765 503 948 546 alternis
970 503 1130 544 diebus
1155 510 1253 556 post
1278 503 1529 557 prandium.

284 565 351 617 40
375 562 554 606 Seruire
577 562 723 616 coepit
747 576 927 605 mensae
972 564 1024 604 R.
1054 562 1105 603 P.
1149 562 1319 604 Natalis
1349 562 1601 604 seruiturus
1632 577 1708 616 per
1741 563 1814 605 he·

197 622 527 664 bdommadam.

286 681 352 734 5.⁰
383 682 547 722 Lectae
576 687 681 720 sunt
709 679 911 730 insignes
941 679 1094 721 literae
1129 693 1182 720 ex
1218 680 1438 731 Tornace,
1467 678 1584 720 Petri
1619 679 1675 722 de
1709 681 1816 721 Bur-

195 741 382 793 gundia.

285 799 452 840 Eodem
477 798 546 840 die
570 798 749 839 iuerunt
775 798 915 838 Roma
946 798 1000 837 P.
1039 796 1265 838 Antonius
1287 795 1428 837 Wink
1455 795 1703 846 Perusiam,
1734 797 1816 838 Pa-

196 864 260 899 ter
285 859 439 912 Lanoy
463 857 693 906 Uenetias,
722 856 770 896 P.
799 856 1063 898 Leonardus
1092 854 1342 909 Coloniam,
1373 856 1423 898 P.
1450 855 1641 897 Ioannes
1662 855 1820 897 Gallus

195 917 421 960 Genuam.

284 975 348 1016 6.0
372 974 532 1030 Coepit
555 988 653 1017 esse
676 972 878 1014 minister
901 972 1077 1027 collegii
1114 974 1161 1014 P.
1189 972 1407 1023 Montoia,
1433 980 1478 1014 et
1501 970 1820 1014 sottominister

195 1033 443 1076 Antonius.

278 1103 318 1145 7.
346 1091 506 1146 Coepit
523 1090 693 1134 seruire
711 1091 766 1131 ad
789 1104 988 1131 mensam
1010 1091 1062 1133 R.
1085 1091 1136 1132 P.
1165 1097 1326 1140 rector,
1348 1089 1424 1144 qui
1447 1089 1580 1132 etiam
1606 1088 1818 1143 quosdam

195 1159 397 1193 nostrum
421 1150 539 1192 misit
565 1156 611 1191 ut
642 1150 915 1191 facinorosos
943 1149 1057 1190 dues
1087 1149 1295 1191 uiderent
1323 1148 1602 1191 concremari
1626 1147 1756 1188 uiuos
1777 1147 1819 1188 in

195 1211 339 1265 platea
363 1223 478 1263 quae
501 1210 692 1250 Nauona
714 1208 980 1262 appellatur.

282 1283 308 1324 9
330 1276 374 1312 et
409 1281 473 1311 Io.
504 1267 631 1310 Multi
661 1267 706 1307 in
735 1266 927 1320 collegio
956 1266 1244 1308 inciderunt
1235 1280 1278 1306 1n
1309 1265 1630 1315 infirmitatem,
1666 1276 1722 1306 20
1753 1264 1822 1306 uel

195 1338 266 1393 253
292 1334 336 1369 et
359 1327 652 1381 sequentibus
674 1325 834 1367 diebus
857 1325 1057 1378 triginta,
1084 1333 1127 1366 et
1159 1325 1322 1379 plures,
1350 1324 1410 1367 ita
1441 1333 1488 1366 ut
1518 1338 1703 1366 necesse
1728 1324 1820 1365 fue-

195 1386 248 1427 rit
271 1386 488 1429 lectiones
511 1384 819 1436 intermittere,
845 1392 889 1425 et
912 1399 1068 1426 omnes
1086 1383 1272 1426 seruitio
1291 1384 1477 1425 aliorum
1497 1397 1679 1438 operam
1697 1382 1816 1435 dare,

195 1446 314 1511 quod
337 1460 444 1488 sane
467 1444 682 1497 hilariter,
708 1451 753 1486 et
776 1457 878 1485 cum
903 1443 1123 1485 charitate
1147 1444 1315 1484 facturn
1339 1450 1422 1485 est.
1451 1441 1643 1484 Incidit
1633 1456 1677 1482 1n
1703 1441 1819 1481 infir-

193 1504 393 1546 mitatem
434 1505 485 1546 R.
529 1505 579 1545 P.
623 1509 773 1553 rettor,
810 1509 854 1545 et
893 1502 1222 1544 sottominister
1259 1501 1505 1553 Antonius3
1558 1508 1601 1542 et
1645 1499 1819 1541 interim

194 1565 247 1605 R.
274 1565 324 1606 P.
345 1562 545 1606 Montoia
569 1561 859 1604 subminister
878 1561 993 1617 [szc]‚
1016 1575 1123 1603 uere
1142 1567 1312 1615 patrem
1336 1575 1435 1602 sese
1454 1559 1692 1615 praestitit.
1713 1558 1820 1600 lnci·

194 1622 258 1663 dit
281 1622 413 1664 etiam
437 1621 481 1663 in
505 1621 807 1662 infirmitatem
833 1621 888 1662 D.
917 1621 1083 1661 Torres
1105 1619 1322 1669 medicus,
1344 1620 1499 1661 doctor
1518 1618 1752 1667 Emanuel,
1778 1623 1820 1660 et

196 1681 268 1722 alii
292 1681 435 1733 multi,
463 1680 521 1721 ita
547 1687 593 1722 ut
616 1680 732 1720 intra
756 1678 1034 1733 septimanae
1058 1686 1235 1732 tempus
1258 1691 1313 1731 40
1338 1679 1409 1720 uel
1434 1688 1488 1732 50
1512 1676 1677 1719 fuerint
1700 1675 1819 1717 infir-

196 1740 269 1782 mi.
292 1740 532 1782 Caeterum
558 1752 637 1793 per
661 1738 743 1780 Dei
768 1737 957 1792 gratiam
976 1737 1300 1791 admirabilem,
1323 1751 1479 1779 omnes
1497 1737 1824 1777 conualuerunt

194 1799 311 1840 intra
333 1798 644 1853 septimanam,
679 1804 782 1839 ante
811 1797 859 1838 18
884 1796 995 1847 Iulii,
1021 1811 1136 1850 quae
1160 1804 1253 1838 erat
1276 1772 1371 1838 dies
1394 1795 1667 1845 dominicus,
1694 1794 1754 1835 ita
1777 1799 1827 1834 ut

195 1864 290 1899 tum
313 1871 469 1900 omnes
493 1863 668 1911 praeter
692 1870 831 1897 unum
855 1863 932 1897 aut
955 1830 1145 1898 alterum
1176 1855 1405 1910 potuerint
1435 1855 1598 1896 iterum
1623 1866 1820 1895 commu-

195 1917 330 1958 nibus
359 1929 407 1957 se
435 1915 790 1966 accommodare3
823 1915 1076 1957 ordinatum
1108 1914 1398 1956 nihilominus
1429 1920 1497 1955 est
1531 1928 1555 1954 a
1587 1910 1820 1966 superiori-

196 1976 298 2025 bus,
326 1982 373 2015 ut
396 1974 601 2028 sequenti
625 1974 698 2015 illa
720 1973 969 2027 septimana
993 1988 1080 2015 non
1104 1974 1350 2028 legeretur;
1377 1979 1426 2014 ut
1454 1979 1559 2015 ante
1589 1970 1821 2035 prandium

198 2033 385 2088 quilibet
409 2048 491 2075 suo
512 2033 662 2074 studio
688 2032 918 2087 principali
949 2008 1175 2075 studeretC
1180 2033 1431 2075 secundum
1460 2031 1662 2073 ordinem
1688 2027 1821 2084 magi-

198 2092 294 2143 stri,
323 2099 423 2147 post
448 2092 683 2145 prandium
705 2105 810 2133 vero
841 2091 1018 2132 duabus
1048 2091 1171 2132 horis
1200 2090 1433 2146 principali
1463 2090 1630 2143 studio,
1659 2087 1825 2142 reliquo
1876 2093 1879 2127 ἰ

202 2165 315 2193 vero
337 2158 535 2205 tempore
559 2152 630 2193 uel
658 2150 977 2204 spiritualibus,
1002 2151 1073 2192 uel
1103 2150 1198 2191 aliis
1229 2149 1519 2205 quibuslibet,
1550 2162 1729 2203 operam
1752 2147 1824 2188 da·
1878 2170 1879 2182 ι

200 2216 285 2261 ret3
313 2216 361 2251 ut
384 2209 629 2252 dormirent
653 2209 811 2250 fratres
833 2210 966 2263 paulo
990 2210 1090 2263 plus
1118 2208 1267 2261 solit03
1295 2216 1344 2251 ut
1371 2215 1602 2250 sumerent
1625 2205 1823 2260 quotidie
1876 2211 1879 2247 ἶ

199 2269 490 2318 ientaculum,
515 2275 559 2309 et
582 2267 657 2321 qui
681 2268 848 2310 uellent
877 2268 1052 2310 exirent
1080 2267 1229 2321 aliquo
1261 2275 1359 2322 post
1388 2281 1592 2309 coenam.
1621 2265 1734 2307 Mira
1756 2276 1824 2306 res
1878 2276 1879 2292 ³

200 2334 268 2370 est
290 2327 516 2381 quomodo
539 2326 582 2367 in
609 2327 695 2367 ista
720 2326 976 2368 visitatione
999 2326 1060 2368 ita
1085 2333 1203 2368 totos
1226 2334 1243 2357 q
1266 2341 1313 2368 se
1337 2326 1619 2367 tradiderunt
1643 2322 1823 2366 seruitio
1878 2335 1879 2338 ¹

201 2386 388 2429 aliorum
419 2387 470 2427 R.
499 2386 548 2426 P.
584 2385 772 2438 Natalis,
801 2386 850 2426 P.
879 2392 1040 2437 rector,
1068 2387 1283 2439 Montoya
1311 2392 1356 2427 et
1379 2384 1546 2427 caeteri
1570 2382 1824 2425 sacerdotes
1878 2398 1879 2402 ¹

202 2459 253 2487 ac
278 2445 449 2487 fratres.
474 2445 592 2487 Laus
617 2446 712 2486 Deo
735 2451 904 2494 nostro,
927 2443 1002 2498 qui
1020 2444 1189 2497 liquido
1209 2444 1478 2485 monstrauit
1500 2445 1586 2484 hac
1611 2439 1821 2483 uisitatio÷
1878 2468 1879 2474 ,

203 2519 259 2546 ne
282 2503 400 2557 quod
430 2503 527 2545 sine
553 2503 649 2557 ipso
686 2502 795 2544 nihil
828 2503 1065 2556 possimus.
1104 2503 1326 2544 Visitabat
1359 2502 1560 2543 infirmos
1592 2498 1824 2554 aliquoties

203 2564 256 2604 R.
285 2564 339 2604 P.
375 2563 613 2612 Polancus,
642 2563 692 2603 R.
721 2562 770 2604 P.
797 2561 973 2612 Madril,
1001 2562 1053 2603 R.
1088 2563 1140 2603 P.
1174 2561 1428 2604 Dominech
1460 2568 1505 2602 et
1529 2562 1579 2603 R.
1610 2561 1662 2601 P.
1689 2557 1821 2600 Riba-

202 2620 396 2663 dineira.

293 2678 533 2722 Ordinauit
558 2680 608 2720 R.
637 2680 687 2721 P.
714 2678 906 2720 vicarius
930 2685 977 2719 ut
1000 2678 1096 2720 istis
1116 2679 1295 2720 duobus
1314 2677 1545 2719 mensibus
1563 2676 1681 2718 dorni
1705 2688 1820 2716 com-

205 2739 485 2780 municarent
509 2739 665 2780 fratres
687 2737 846 2780 diebus
867 2737 1116 2787 dominicis,
1144 2744 1188 2778 et
1216 2745 1320 2780 ante
1343 2736 1603 2778 concionem
1628 2735 1818 2776 ientacu

204 2797 295 2837 lum
320 2804 564 2848 sumerent,
593 2796 831 2851 aliquando
860 2809 950 2837 non
978 2796 1214 2850 legebatur
1246 2796 1301 2837 ad
1330 2809 1545 2845 mensam,
1579 2808 1662 2837 nec
1691 2792 1821 2835 fiebat

204 2856 374 2906 concio,
386 2855 502 2921 ’quia
524 2856 707 2897 deerant
726 2855 799 2909 qui
825 2855 1038 2908 facerent,
1065 2854 1276 2908 paulatim
1297 2867 1403 2895 vero
1427 2853 1656 2896 redierunt
1678 2849 1820 2893 omnia

204 2913 248 2954 in
274 2913 505 2967 pristinum
528 2914 746 2956 ordinem.
774 2913 952 2956 [nterim
978 2920 1127 2956 tamen
1154 2912 1356 2967 quotidie
1384 2912 1541 2954 ordine
1572 2912 1739 2954 fiebant
1760 2907 1820 2949 di-

276 3052 295 3075 q
346 3047 466 3076 totum
487 3054 557 3077 ms.
