1891 3292
270 169 341 201 606
779 167 965 201 POLANCJ
993 176 1309 204 COMPLEMENTA
1878 175 1891 222 ’1

226 269 414 309 Ioannes
438 269 636 317 Marcus,
664 266 913 311 Ameriam.
939 268 1108 310 Eodem
1132 268 1202 310 die
1227 271 1282 311 ad
1305 270 1547 325 collegium
1566 272 1688 314 venit
1705 289 1759 317 ex
1782 275 1846 319 Si·
1879 271 1891 326 1

224 326 323 367 cilia
348 327 403 367 M.
431 325 662 367 Arnoldus
686 326 915 368 Lonchus.
1889 335 1891 340 '

311 396 353 436 4.
393 383 639 438 Respondit
673 384 742 425 bis
773 398 852 438 pro
882 385 1142 438 magisterio
1171 385 1214 427 in
1244 385 1417 428 artibus
1447 387 1661 430 Nicolaus
1689 391 1844 436 caieta·
1884 400 1891 427 ⁴

225 457 326 493 nus,
353 449 396 482 et
422 449 600 497 postero
623 442 695 484 die
723 450 904 485 creatus
933 451 1001 486 est
1029 458 1153 485 more
1182 445 1314 486 solito
1343 446 1559 500 magister
1587 447 1631 489 in
1660 449 1842 504 artibus,
1879 466 1891 496 a

222 508 322 556 post
345 502 576 543 solennem
601 501 981 553 communionem,
1007 502 1079 546 die
1102 503 1348 546 dominico.

314 570 355 612 5,
383 559 458 613 qui
487 567 582 602 erat
603 560 858 602 dominicus
880 560 992 612 dies,
1018 575 1107 614 quo
1130 561 1292 604 licebat
1317 563 1562 616 promereri
1587 564 1840 630 iubilaeum,
1887 584 1891 610 ε

222 618 543 660 communicati
581 626 686 660 sunt
724 619 767 660 in
806 633 984 662 carcere
1008 620 1164 662 Turris
1204 621 1430 663 Annonae
1458 629 1492 673 Y,
1532 634 1598 675 14;
1640 623 1685 664 in
1722 633 1844 670 corte
1887 644 1891 670 :

222 677 402 720 Sabella
431 689 498 731 13,
525 684 569 719 et
601 677 645 718 in
675 677 885 731 capitolio
915 690 977 720 10.
1013 679 1112 733 Ipse
1142 693 1255 721 uero
1287 681 1575 733 gubernator
1605 682 1758 737 Vrbis,
1780 698 1842 727 se·
1884 683 1891 725 ε’

220 735 376 789 quenti
400 736 472 779 die
495 750 595 777 cum
623 736 788 778 familia
812 751 893 779 sua
917 737 1041 780 uenit
1063 738 1118 779 ad
1142 738 1326 780 domum
1358 746 1555 781 nostram
1587 748 1635 782 ut
1663 717 1843 786 eon’fite-
1878 754 1891 786 »1

222 801 360 838 retur.

310 854 424 895 Tota
446 853 530 896 ista
554 853 802 908 septimana
826 868 968 908 usque
992 855 1046 896 ad
1076 862 1151 908 5.¹¹¹
1179 854 1331 920 hnuius,
1363 855 1475 897 nihil
1505 857 1673 898 lectum
1705 867 1772 901 est
1799 859 1842 902 in

221 912 447 966 theologia
470 920 514 954 et
538 912 732 954 artribus
755 920 937 967 propter
960 921 1102 964 actus,
1130 913 1214 955 nisi
1237 914 1370 956 ualde
1393 929 1511 957 raro,
1540 916 1695 958 Voluit
1724 909 1839 960 enim
1883 915 1891 984 ¹:

219 972 272 1014 R.
302 972 351 1012 Ρ.
379 971 550 1013 Natalis
575 980 622 1012 ut
644 971 718 1013 illo
741 971 813 1014 die
836 986 925 1037 quo
948 979 1076 1014 actus
1099 980 1217 1015 esset
1240 972 1284 1013 in
1308 973 1493 1026 artibus,
1519 975 1669 1018 nullae
1687 975 1842 1019 fierent
1881 978 1891 1019 i

219 1029 262 1070 in
302 1029 386 1071 illis
425 1030 654 1073 lectiones,
682 1030 837 1073 Voluit
873 1030 979 1072 item
1020 1038 1067 1073 ut
1107 1038 1369 1097 praeceptor
1406 1046 1537 1074 suum
1576 1033 1841 1088 discipulum
1879 1051 1891 1071 a

220 1089 484 1131 defenderet
522 1098 565 1131 et
601 1089 674 1131 alii
714 1097 1162 1144 argumentaremur,
1203 1090 1336 1132 etiam
1382 1091 1637 1147 theologiae
1673 1095 1840 1148 profes·
1881 1113 1891 1137 ε

219 1162 359 1190 sores,
705 1169 708 1173 ·
1889 1191 1891 1194 .

308 1207 406 1248 Hac
425 1214 555 1247 nocte
573 1206 779 1260 sequenti
797 1215 1001 1249 mortuus
1018 1215 1085 1250 est
1110 1209 1318 1250 Matheus
1337 1208 1570 1263 hispanus,
1591 1216 1635 1251 et
1653 1224 1838 1264 sequen—
1882 1226 1891 1254 ἰ

220 1264 251 1305 ti
274 1265 345 1306 die
369 1266 588 1320 sepultUS,
616 1265 690 1319 qui
714 1266 878 1308 multos
895 1281 1036 1308 annos
1054 1266 1298 1308 humilibus
1317 1268 1528 1322 operibus
1546 1274 1590 1310 et
1608 1268 1839 1312 laboriosis
1887 1287 1891 1312 ε

219 1323 262 1365 in
286 1323 515 1367 Societate
538 1324 727 1368 fideliter
752 1325 943 1366 Domino
966 1324 1198 1368 seruierat.
1224 1327 1329 1367 Erat
1348 1341 1402 1369 ex
1421 1326 1505 1368 illis
1523 1328 1689 1368 sanctis
1712 1329 1837 1371 coad-
1886 1343 1891 1367 1

217 1382 440 1425 iutoribus
462 1383 638 1425 domus.
1889 1407 1891 1414 ¹

307 1442 349 1485 6.
376 1442 617 1483 Inchoatus
640 1449 707 1484 est
729 1442 840 1485 liber
865 1443 964 1485 Peri
990 1442 1230 1485 herminias
1252 1451 1266 1467 Ζ
1288 1443 1560 1487 Aristotelis.

308 1512 348 1553 7.
376 1500 623 1543 Constituit
663 1502 715 1543 R.
760 1503 810 1543 P.
848 1501 1021 1543 Natalis
1051 1502 1259 1543 consulto
1288 1503 1343 1545 R.
1377 1503 1464 1545 Ρ.ΥΕ
1495 1503 1676 1554 vicario,
1710 1512 1757 1546 ut
1787 1505 1838 1547 iis
1890 1542 1891 1550 ,

217 1559 292 1612 qui
317 1561 537 1602 hactenus
561 1559 801 1602 audierunt
824 1560 1174 1615 metaphysicam
1198 1561 1456 1615 legerentur
1475 1562 1731 1605 Aristotelis
1756 1565 1837 1606 To-
1889 1595 1891 1600 «

218 1617 315 1672 pica
349 1627 393 1660 et
428 1619 630 1673 Elenchi,
666 1619 822 1661 dolens
855 1620 974 1673 quod
1007 1633 1108 1660 cum
1144 1628 1267 1661 tanta
1301 1619 1555 1662 turbatione
1587 1621 1836 1676 disciplina·
1890 1639 1891 1662 ;

216 1691 331 1727 rum,
368 1677 613 1719 dialecticis
648 1679 868 1720 hactenus
901 1678 1123 1733 praelecta
1156 1686 1274 1720 esset
1306 1679 1350 1720 in
1383 1680 1575 1734 collegio
1614 1681 1762 1723 ethica
1795 1689 1836 1725 et

216 1736 540 1790 metaphysica.

305 1795 552 1837 Constituit
576 1797 681 1838 item
705 1796 861 1838 eodem
885 1795 957 1836 die
983 1803 1028 1836 ut
1052 1796 1244 1850 singulis
1261 1797 1493 1839 sabbathis
1528 1797 1728 1852 theologi
1763 1813 1835 1852 per

214 1867 262 1895 se
286 1861 385 1908 post
408 1854 644 1907 prandium
668 1855 948 1909 disputarent
977 1854 1032 1895 de
1062 1855 1270 1896 omnibus
1300 1856 1584 1909 lectionibuS,
1622 1871 1733 1910 quas
1763 1871 1836 1912 per

213 1913 509 1966 septimanam
533 1914 790 1956 audierunt.
816 1914 1061 1957 Studentes
1085 1928 1190 1955 vero
1215 1914 1257 1955 in
1288 1915 1458 1957 artibus
1490 1916 1606 1957 idem
1636 1917 1834 1958 facerent
1889 1955 1891 1958 .

213 1972 451 2025 separatim
475 1987 498 2013 a
523 1973 747 2026 theologis
770 1973 814 2013 in
838 1987 918 2014 sua
943 1973 1102 2023 classe,
1128 1974 1183 2014 ad
1203 1988 1335 2027 quam
1360 1988 1516 2017 omnes
1534 1975 1716 2017 artistae
1734 1988 1835 2015 con—
1882 1992 1883 1999 ¹

216 2030 437 2073 uenirent.

301 2090 342 2139 8,
389 2089 463 2143 qui
508 2097 601 2132 erat
645 2089 891 2131 natiuitatis
938 2092 987 2131 Β.
1036 2091 1091 2131 V.
1138 2084 1318 2143 Mariae,
1365 2091 1660 2133 constitutum
1703 2101 1770 2135 est
1810 2108 1833 2136 a

212 2148 266 2190 R.
295 2150 344 2189 P.
372 2148 536 2189 vicario
562 2156 606 2190 ut
637 2163 727 2189 non
757 2149 1095 2203 disputarentur
1123 2151 1440 2193 conclusiones
1470 2151 1514 2192 in
1546 2153 1832 2193 renouatione

210 2207 478 2249 studiorum.
507 2209 672 2248 Eodem
699 2207 783 2259 die,
816 2219 864 2260 17
889 2208 1281 2250 communicarunt
1304 2209 1348 2250 in
1372 2223 1550 2251 carcere
1569 2211 1725 2253 Turris
1747 2212 1833 2253 No-

212 2280 314 2316 nae,
341 2274 384 2308 et
410 2277 433 2318 7
459 2266 528 2307 alii
554 2266 763 2308 confessi.

298 2340 338 2380 9.
369 2326 506 2366 Facta
528 2333 595 2367 est
622 2325 842 2367 uindemia
872 2326 1032 2368 uineae
1064 2333 1257 2376 nostrae,
1292 2341 1346 2368 ex
1377 2341 1464 2381 qua
1495 2334 1577 2379 4.οῐ
1608 2327 1700 2368 uini
1730 2342 1833 2370 uasa
1887 2354 1891 2360 ⁴

242 2392 536 2426 rouenerunt.

210 2398 236 2437 p
304 2455 366 2484 Io.
391 2444 634 2484 Inchoatus
653 2449 720 2484 est
738 2442 848 2485 liber
867 2442 1137 2495 Topicorum
1163 2443 1436 2495 Aristotelis3
1459 2444 1684 2486 ordinauit
1701 2445 1830 2487 etiam

208 2503 259 2543 R.
291 2503 340 2543 Ρ.
370 2501 541 2544 Natalis
568 2508 614 2542 ut
639 2501 798 2542 diebus
821 2501 1027 2542 sabbathi
1053 2510 1242 2554 uterque
1267 2503 1585 2557 magistrorum
1615 2504 1831 2545 aduersus
1890 2519 1891 2522 ¹

207 2560 481 2602 contrarium
505 2560 773 2614 discipulum
799 2568 1192 2614 argumentaretur
1217 2561 1376 2616 primo,
1396 2569 1440 2603 et
1459 2562 1620 2604 deinde
1637 2562 1829 2616 discipu—

207 2619 236 2660 li
260 2619 428 2673 singuli
454 2633 554 2660 cum
580 2619 772 2674 singulis
796 2619 1186 2673 respondentibus.

302 2691 365 2731 13.
404 2679 656 2720 Laborante
687 2679 727 2718 in
759 2678 970 2719 extremis
1003 2680 1102 2720 R.¹¹¹⁰
1126 2678 1351 2720 cardinale
1380 2679 1427 2721 S.
1461 2679 1608 2721 Iacobi
1632 2679 1738 2720 iussi
1762 2693 1829 2720 su·
1878 2716 1880 2725 ,

206 2751 305 2778 mus
330 2744 427 2790 post
454 2737 687 2789 prandium
713 2751 840 2779 orare
864 2751 939 2790 per
963 2736 1292 2790 aliquantulum
1318 2737 1532 2792 temporis
1555 2738 1765 2792 spatium.

301 2808 364 2847 14,
390 2796 466 2849 qui
495 2803 589 2838 erat
614 2796 776 2837 festum
799 2795 1082 2837 exaltationis
1106 2796 1151 2838 S.
1180 2795 1356 2846 Crucis,
1378 2797 1641 2838 confirmata
1659 2803 1723 2838 est
1748 2808 1828 2850 pax
1878 2831 1880 2841 ,

205 2854 319 2897 inter
345 2855 599 2909 pontificem
624 2862 667 2895 et
687 2854 1014 2909 imperatorem,
1041 2855 1334 2896 redeuntibus
1365 2855 1502 2897 Rmis.
1531 2855 1828 2897 cardinalibus

274 2998 291 3020 y
344 2986 408 3020 Sic
427 2996 518 3028 ms.‚·
536 2986 587 3029 cf.
610 2984 736 3029 infra,
755 2985 808 3018 ad
823 2985 927 3018 diem
945 2983 985 3024 8,·
1003 2986 1038 3017 et
1057 2984 1109 3017 ad
1128 2992 1174 3024 24
1193 2984 1282 3018 Oct.
1309 2994 1368 3010 -2
1388 2985 1434 3018 Id
1449 2987 1517 3027 est,
1535 2983 1611 3030 Περὶ
1631 2983 1825 3030 ἐρμηνεὶας.
1878 2990 1881 3002 ·
