1891 3292
250 233 318 266 812
761 232 946 266 POLANci
974 241 1286 267 COMPLEMENTA

204 332 363 372 mirum
389 340 526 383 tuam,
552 339 596 373 et
619 332 739 384 quod
762 332 807 372 in
833 339 875 374 te
898 332 1115 386 optimum
1139 341 1222 383 est,
1249 339 1292 373 et
1315 347 1369 374 ex
1391 346 1444 374 eo
1468 332 1700 374 maximam
1726 347 1824 387 per—

206 390 445 433 fectionem
469 391 775 444 consequeris,
801 390 836 431 si
861 404 962 432 cum
987 406 1092 433 vera
1116 391 1421 444 resignatione
1445 391 1674 432 obtuleris.

290 448 356 489 6.⁰
420 449 722 502 Consequeris
765 449 1105 492 eminentiorem
1151 450 1387 504 puritatem
1438 450 1739 492 conscientiae
1780 450 1822 491 in

204 507 446 557 Societate,
473 522 606 560 quam
630 516 772 550 extra:
800 509 920 561 quod
945 516 992 549 tu
1015 523 1071 550 ex
1096 518 1220 562 parte
1238 508 1329 562 jam
1356 516 1568 562 expertus
1585 523 1648 551 es.

292 567 359 618 7.Ο
422 566 726 619 Consequeris
749 568 898 608 lumen
924 567 1179 609 intellectus
1203 568 1346 621 majus
1369 567 1412 608 in
1442 567 1627 622 scientia
1658 567 1756 617 Dei,
1782 575 1825 609 et

203 625 334 667 etiam
367 625 409 665 in
440 625 719 666 scholasticis
752 625 1014 680 disciplinis,
1050 635 1142 667 tum
1175 626 1275 679 quia
1301 626 1431 679 juvat
1460 625 1724 667 illuminatio
1753 639 1823 667 su-

205 698 339 736 perna
362 685 597 730 studentes
622 692 801 738 propter
823 685 1137 736 obedientiam,
1164 693 1257 726 tum
1282 685 1399 738 quod
1430 684 1473 725 in
1503 684 1728 726 Societate
1751 684 1825 726 da—

203 743 320 782 bitur
346 742 423 782 tibi
447 743 744 784 commoditas
769 743 908 797 major
926 744 980 785 ad
998 743 1146 785 studia
1172 751 1246 785 tua
1264 757 1363 784 cum
1384 743 1589 797 profectu
1611 757 1823 797 peragen-

202 802 272 849 da,
301 815 431 854 quam
457 801 577 851 alibi,
606 802 862 855 praesertim
886 802 921 844 si
950 803 1074 843 lucro
1103 802 1356 852 inservires,
1390 810 1484 842 tum
1508 803 1626 856 quod
1651 809 1828 856 tempus

202 873 290 900 non
311 871 517 902 conteres
541 860 675 902 rebus
693 860 941 911 inutilibus,
962 868 1012 902 ut
1030 861 1074 902 in
1093 862 1260 912 seculo,
1282 862 1361 903 sed
1381 860 1579 911 utilibus;
1603 862 1719 902 unde
1739 875 1826 902 ma-

200 919 270 972 gis
294 919 336 959 in
364 919 520 960 litteris
546 919 800 973 proficeres.

289 977 356 1017 8.0
420 978 634 1032 Majorem
668 978 952 1020 devotionem
987 986 1029 1020 et
1062 978 1328 1020 charitatem
1363 977 1654 1031 consequeris
1686 977 1822 1027 intus,

202 1050 333 1089 quam
360 1036 481 1088 foris,
506 1051 607 1078 cum
633 1037 688 1078 sit
712 1038 822 1079 haec
846 1038 1003 1078 schola
1027 1037 1334 1091 perfectionis,
1362 1037 1492 1091 cujus
1511 1036 1741 1077 vinculum
1760 1044 1826 1078 est

202 1095 418 1136 charitas.

290 1155 357 1209 9.⁰
421 1155 525 1207 Quo
550 1162 592 1196 te
615 1154 791 1196 dederis
815 1155 910 1195 Deo
936 1154 1123 1209 plenius,
1152 1162 1193 1195 te
1213 1161 1352 1195 totum
1372 1153 1457 1208 ipsi
1480 1168 1557 1207 per
1575 1153 1828 1207 superiores

202 1222 302 1253 tuos
326 1212 613 1267 resignando
643 1226 726 1255 nec
750 1213 811 1254 tui
848 1213 1087 1267 quicquam
1117 1212 1193 1254 tibi
1227 1213 1477 1263 retinendo,
1513 1226 1566 1255 eo
1600 1211 1827 1255 liberalius

201 1286 247 1313 se
272 1271 365 1325 ipse
388 1248 739 1313 communicabit
763 1287 839 1325 per
864 1273 980 1313 dona
1004 1286 1112 1314 suae
1136 1272 1320 1326 gratiae.

299 1343 360 1372 Io.
422 1332 559 1386 Juxta
589 1330 712 1373 illud:
741 1331 865 1373 Beati
901 1345 1119 1385 pauperes
1141 1330 1299 1384 spiritu
1324 1329 1382 1384 (id
1414 1337 1482 1371 est
1512 1329 1729 1384 spirituali
1754 1329 1823 1370 in-

206 1389 424 1438 tentione)
447 1389 659 1442 quoniam
683 1389 879 1443 ipsorum
905 1397 971 1431 est
992 1403 1180 1444 regnum
1208 1390 1436 1431 coelorum
1471 1387 1521 1439 ¹⁴,
1548 1389 1725 1430 beatius
1750 1387 1828 1429 tibi

205 1448 289 1489 erit
313 1463 496 1490 manere
519 1448 564 1488 in
589 1457 854 1503 paupertate
874 1448 1139 1491 voluntaria.

300 1519 364 1550 ΙΙ.
434 1507 646 1561 Majorem
671 1507 967 1548 humilitatem
991 1507 1295 1561 consequeris,
1322 1515 1365 1547 et
1389 1516 1723 1560 consequenter
1741 1520 1829 1547 ma·
1865 1507 1867 1510 ⁴

199 1566 343 1619 jorem
376 1566 585 1608 virtutem
619 1567 702 1607 sub
734 1566 1005 1619 obedientia,
1032 1566 1135 1620 quia
1167 1566 1380 1607 virtutum
1408 1579 1485 1607 vas
1514 1565 1760 1616 humilitas3
1786 1573 1829 1605 et

207 1640 285 1678 pro
308 1625 442 1678 hujus
467 1625 586 1666 vasis
609 1640 833 1675 mensura,
860 1625 1055 1666 infundit
1079 1625 1268 1667 virtutes
1293 1626 1431 1666 Deus.

302 1696 366 1726 12.
435 1685 682 1725 Perfectius
711 1684 939 1726 Christum
964 1684 1223 1733 imitaberis,
1250 1683 1325 1737 qui
1357 1684 1501 1725 factus
1524 1692 1591 1725 est
1616 1682 1829 1725 obediens

207 1756 350 1795 usque
379 1744 435 1783 ad
469 1751 673 1796 mortem,
701 1750 744 1784 et
769 1758 822 1785 ne
852 1744 1055 1797 perderet
1089 1743 1406 1795 obedientiam,
1435 1741 1628 1796 perdidit
1661 1742 1819 1783 vitam.

211 1803 385 1855 Pauper
409 1802 541 1844 etiam
561 1811 605 1842 et
623 1802 898 1843 castissimus
923 1802 1020 1844 tuit.

303 1873 365 1913 13.
434 1861 648 1915 Ignobilis
670 1869 736 1902 est
760 1861 909 1911 animi,
938 1860 1184 1915 permoveri
1209 1860 1444 1901 affectibus
1461 1859 1586 1901 hisce
1605 1858 1827 1910 humanis,

207 1920 354 1960 carnis
377 1927 422 1960 et
444 1919 693 1974 sanguinis,
720 1920 763 1961 in
789 1935 834 1962 re
858 1929 945 1961 tam
970 1920 1099 1972 seria,
1127 1919 1332 1961 nimirum
1361 1926 1408 1960 ut
1433 1926 1612 1973 propter
1634 1917 1732 1958 illos
1765 1917 1829 1958 in·

208 1977 415 2019 stitutum
448 1978 564 2020 vitae
593 1987 852 2033 susceptum
883 1980 1128 2031 deseratur,
1162 1987 1204 2020 et
1234 1978 1409 2032 ipsimet
1444 1978 1555 2032 patri
1589 1976 1644 2029 (si
1671 1976 1735 2018 vir
1765 1984 1830 2019 est

208 2043 437 2081 strenuus)
464 2038 593 2080 valde
615 2037 885 2091 displiceret:
912 2052 936 2080 e
959 2038 1198 2088 contrario,
1221 2037 1381 2078 nobilis
1403 2044 1470 2079 est
1493 2035 1629 2078 animi
1652 2036 1832 2078 vincere

207 2096 289 2136 hos
312 2097 514 2145 affectus,
539 2104 582 2138 et
606 2097 763 2137 rationi
789 2105 833 2138 et
856 2097 993 2138 amori
1019 2097 1100 2139 Dei
1125 2104 1412 2151 postponere.

302 2167 366 2207 14.
436 2155 549 2197 Vide
574 2157 752 2196 tandem
777 2170 828 2198 ea
852 2170 965 2209 quae
991 2164 1032 2197 te
1054 2156 1097 2196 in
1124 2155 1340 2210 principio
1364 2154 1617 2207 movebant,
1644 2167 1700 2194 an
1726 2166 1826 2206 per-

210 2213 392 2255 fectiora
416 2228 470 2254 an
506 2214 689 2256 meliora
711 2224 877 2265 essent,
903 2222 946 2256 et
976 2214 1193 2255 nobiliora
1216 2228 1347 2268 quam
1377 2227 1492 2267 quae
1516 2222 1558 2254 te
1583 2213 1713 2253 modo
1736 2225 1827 2253 mo-

208 2280 331 2323 vent3
358 2280 402 2314 et
425 2287 646 2326 agnosces
669 2273 788 2314 illam
813 2273 950 2315 fuisse
975 2273 1056 2316 Dei
1081 2273 1433 2328 inspirationem,
1462 2273 1578 2313 hanc
1603 2269 1833 2312 daemonis

210 2331 516 2375 tentationem.

641 2433 771 2470 QUOD
807 2434 903 2462 TIBI
939 2434 1224 2472 JUCUNDIUS,
1268 2434 1420 2463 PATET

303 2509 365 2549 Ι.ο
429 2508 548 2562 Quia
571 2508 605 2549 si
631 2516 672 2550 te
696 2508 873 2561 viceris,
903 2522 1053 2562 pacem
1079 2510 1268 2552 habebis
1291 2517 1335 2552 et
1358 2507 1680 2550 conscientiam
1705 2521 1831 2550 secu-

208 2580 314 2616 ram,
335 2580 450 2620 quae
469 2567 878 2622 resjucundissima
897 2569 1095 2609 omnium
1115 2576 1198 2618 est,
1219 2569 1349 2623 juxta
1372 2567 1479 2608 illud
1502 2567 1730 2621 sapientis:
1753 2567 1830 2609 Se-

207 2638 313 2666 cura
334 2640 475 2675 mens,
497 2628 608 2681 juge
632 2626 887 2668 convivium
915 2626 963 2679 ¹³3
991 2635 1033 2668 at
1058 2627 1092 2667 si
1118 2642 1287 2674 manesv
1315 2635 1358 2669 te
1383 2626 1536 2668 vinces
1554 2625 1652 2669 sine
1674 2625 1826 2667 dubio.

298 2686 365 2726 2.0
427 2685 473 2727 Si
499 2687 698 2739 recedas,
725 2685 997 2739 synderesis,
1024 2697 1068 2726 et
1093 2685 1396 2729 conscientiae
1419 2684 1598 2735 vermis,
1626 2686 1743 2725 ultor
1764 2684 1826 2725 in-

208 2743 480 2792 stabilitatis,
512 2745 695 2786 vexabit
726 2752 784 2786 te:
817 2751 861 2785 et
887 2758 942 2786 ne
974 2744 1146 2788 incidas
1175 2745 1218 2786 in
1244 2743 1560 2799 gravissimum
1590 2743 1709 2785 vitae
1734 2750 1828 2785 tae-

208 2801 328 2842 dium
361 2808 405 2844 et
433 2802 724 2854 diffidentias‚
766 2803 1014 2846 timendum
1046 2810 1131 2854 est,
1160 2811 1207 2845 ut
1230 2818 1284 2846 ex
1314 2802 1520 2844 tristitiae
1548 2801 1720 2856 spiritu,
1745 2814 1832 2856 quo

207 2860 418 2901 laborasti
443 2861 513 2902 his
531 2862 695 2916 elapsis
717 2862 893 2911 diebus,
914 2861 1110 2916 judicari
1135 2870 1296 2917 potest.

298 2921 359 2972 3.⁰
421 2920 537 2961 Cum
566 2928 609 2961 et
638 2920 682 2962 in
709 2920 924 2976 religione
947 2928 991 2962 et
1020 2920 1065 2961 in
1089 2921 1244 2964 seculo
1269 2921 1479 2963 ferendae
1502 2919 1606 2972 sint,
1632 2927 1677 2962 et
1699 2919 1828 2961 devo-

280 3047 307 3066 ¹⁴
358 3044 542 3092 MATT'H.,
565 3048 611 3092 V,
639 3056 672 3091 3.
1106 3049 1133 3068 ¹⁵
1183 3049 1339 3092 Pnow,
1360 3048 1447 3092 XV,
1478 3056 1532 3093 15.
