1891 3292
577 197 1009 236 COMMENTARIOLA.—
1024 207 1112 244 1572
1542 210 1611 247 719

31 301 268 346 audiebant
290 299 335 341 in
363 299 417 340 iis
446 313 562 353 quae
595 299 652 340 ad
681 299 961 352 relligionem
987 300 1248 354 pertinent),
1275 316 1416 356 Vsque
1440 302 1552 346 adeo
1576 303 1657 344 de-

32 369 145 405 serta
178 358 313 402 fuerit
344 358 515 409 relicta,
546 366 590 399 vt
620 364 796 399 tantum
835 359 1128 413 alphabetarii
1160 360 1283 415 pueri
1320 360 1365 402 in
1396 376 1448 404 ea
1483 376 1635 404 reman

31 426 180 465 serint.

115 490 185 521 20.
254 477 354 518 Hoc
377 476 475 530 ipso
498 484 735 529 autumno,
764 477 947 518 Aronae
975 478 1136 519 domus
1162 478 1458 533 probationis,
1492 479 1661 532 aliquot

31 553 81 582 eo
105 535 359 592 praemissis
381 534 708 585 sacerdotibus,
735 536 988 590 praeparari
1014 544 1144 591 cepta
1167 545 1250 589 est,
1276 552 1331 579 ex
1361 538 1536 580 abatiae
1565 538 1660 580 red-

31 597 194 640 ditibus
217 595 528 637 sustentanda.

116 667 186 698 21.
254 655 425 695 Domus
455 651 735 708 probationis
767 654 947 695 Brumae
976 654 1112 709 (quod
1146 654 1358 709 oppidum
1391 663 1458 697 est
1487 656 1658 697 olomu-

29 715 172 759 censis
204 712 412 767 diocesis)
437 714 524 754 hoc
550 720 750 766 tempore
774 712 1039 754 confirmata
1062 720 1131 755 est
1154 728 1179 755 a
1203 715 1309 756 sede
1331 714 1592 768 apostolica3
1620 723 1663 755 et

30 775 111 817 iam
136 773 272 827 aliqui
295 787 351 814 ex
374 771 540 813 nostris
563 771 705 812 multo
724 778 856 813 antea
876 771 1105 824 praemissi
1125 787 1177 814 eo
1198 774 1390 823 fuerant,
1412 780 1458 813 vt
1481 773 1664 827 oppida-

31 832 352 877 nosiuuarent:
380 831 477 874 eius
506 830 653 884 operis
682 836 843 874 auctor
874 830 957 871 fuit
987 831 1268 885 praepositus
1297 831 1553 882 brunensis,
1588 831 1663 884 qui

30 895 73 936 in
95 891 357 947 episcopum
382 891 719 932 olomucensem
743 889 936 942 electus,
969 898 1012 930 et
1042 890 1199 933 eodem
1226 899 1446 932 autumno
1471 905 1494 932 a
1519 889 1663 944 ponti-

31 953 112 995 fice
134 965 312 993 summo
336 949 630 992 confirmatus
652 955 736 991 est.

119 1022 189 1052 22.
257 1010 354 1053 Sub
393 1009 510 1051 idem
541 1015 720 1062 tempus
755 1007 1039 1060 Burdegalae
1069 1007 1275 1049 instituto
1309 1008 1521 1063 collegio,
1562 1021 1663 1048 cum

33 1069 249 1113 haeretici
290 1068 452 1123 passim
493 1067 824 1116 occiderentur,
865 1080 1001 1120 opera
1040 1074 1294 1108 nostrorum
1322 1074 1366 1109 et
1405 1066 1664 1122 praesertim

36 1128 211 1185 Patri[s]
235 1127 433 1170 Emundi
458 1125 649 1181 Augerii
675 1125 802 1166 multi
837 1124 965 1167 caedi
989 1125 1207 1167 subtracti
1231 1134 1353 1176 sunt,
1379 1134 1423 1167 et
1446 1125 1572 1168 breui
1593 1126 1664 1166 ad—

33 1188 209 1232 modum
236 1195 441 1242 tempore
472 1188 565 1228 fere
594 1185 714 1226 mille
742 1184 995 1244 etnducenti
1019 1185 1072 1225 ad
1098 1185 1377 1239 relligionem
1402 1184 1664 1226 catholicam

33 1247 276 1291 redierunt.

120 1319 191 1360 23.
260 1307 376 1348 Cum
402 1306 493 1347 dux
518 1302 896 1358 Monpensierius,
923 1309 966 1344 et
991 1301 1135 1344 Car.lis
1160 1302 1413 1344 Borbonius
1436 1311 1670 1343 curassent

37 1366 221 1410 Parisiis
245 1366 404 1407 eodem
431 1372 648 1418 tempore,
680 1369 728 1403 vt
757 1363 808 1404 Ρ.
836 1361 1026 1403 loannes
1051 1363 1336 1403 Maldonatus
1369 1363 1426 1403 ad
1450 1361 1667 1414 quaedam

36 1425 198 1481 oppida
231 1440 279 1467 se
310 1425 553 1476 conferret,
593 1429 639 1463 vt
677 1420 891 1477 principis
920 1420 975 1462 de
1006 1421 1163 1463 Conde
1191 1422 1371 1471 mortui,
1397 1428 1440 1462 et
1464 1419 1593 1461 ducis
1615 1421 1670 1461 de

37 1486 226 1528 Boullon
251 1483 446 1527 viuentis
470 1482 684 1524 vxoribus
710 1480 879 1534 (vltima
912 1480 1030 1522 enim
1056 1481 1142 1521 filia
1172 1492 1266 1522 erat
1289 1480 1417 1521 ducis
1449 1481 1645 1533 Monpen

36 1544 187 1597 sierii),
213 1544 507 1598 persuaderet
530 1540 798 1583 catholicam
825 1538 1122 1593 relligionem,
1146 1539 1413 1594 perueniens
1436 1538 1509 1580 ille
1531 1537 1574 1578 in
1594 1552 1669 1592 op-

37 1604 184 1659 pidum
209 1603 457 1652 condense,
485 1608 528 1643 et
551 1613 653 1642 cum
694 1598 957 1653 principissa
981 1599 1218 1641 conferens
1256 1599 1311 1640 de
1341 1599 1476 1640 rebus
1509 1597 1565 1638 ad
1590 1597 1646 1638 do

37 1673 185 1718 gmata
209 1661 556 1718 pertinentibus,
576 1659 786 1700 dominus
805 1657 924 1698 illam
944 1657 999 1698 ad
1018 1672 1169 1698 sanam
1190 1665 1386 1700 mentem
1407 1656 1604 1706 reduxit,
1625 1664 1668 1697 et

38 1722 231 1766 Parisios
255 1728 355 1776 post
379 1718 732 1775 resipiscentiam
762 1717 905 1758 rediit.
938 1718 1001 1758 At
1036 1718 1322 1759 Maldonatus
1349 1730 1504 1758 versus
1531 1714 1665 1758 Seda-

38 1796 140 1824 num
180 1780 495 1836 progrediens,
531 1778 603 1820 vbi
639 1777 899 1819 boullenses
933 1776 1073 1818 duces
1104 1776 1376 1825 residebant,
1410 1774 1532 1829 prius
1565 1787 1667 1815 cum

37 1856 171 1884 vxore
194 1855 416 1890 seorsum,
442 1837 608 1880 deinde
634 1843 869 1892 praesente
900 1835 1072 1886 marim,
1109 1843 1152 1878 et
1182 1834 1397 1876 ministris
1425 1833 1516 1888 (qui
1540 1847 1663 1874 erro-

39 1915 131 1943 rum
152 1899 359 1954 magistri
384 1904 528 1948 erant)
555 1911 632 1952 per
662 1908 712 1938 10
736 1895 831 1937 dies
850 1895 905 1935 de
935 1894 1226 1948 dogmatibus
1252 1894 1493 1945 disserens,
1515 1906 1671 1933 omnes

37 1974 111 2003 eos
142 1961 271 2001 valde
302 1965 552 2000 commotos
582 1956 637 1997 ad
673 1953 1027 2009 resipiscentiam
1066 1954 1260 2007 reliquit3
1292 1960 1335 1996 et
1365 1966 1468 1993 cum
1494 1952 1517 1993 8
1542 1951 1671 1992 annis

38 2020 131 2061 sine
156 2017 490 2074 praedicatione
523 2013 733 2057 catholici
765 2013 1036 2063 extitissent,
1067 2012 1362 2054 concionatus
1394 2021 1461 2053 est
1491 2011 1601 2065 ipse3
1628 2018 1671 2052 et

38 2077 295 2134 impetrauit
322 2077 581 2119 facultatem
606 2089 631 2116 a
654 2075 770 2115 duce
795 2078 841 2112 vt
864 2079 908 2114 et
938 2072 1010 2113 alii
1044 2071 1252 2114 catholici
1282 2072 1326 2112 in
1363 2078 1590 2126 posterum
1616 2070 1670 2110 ad

40 2138 218 2194 parochi
236 2132 472 2179 arbitrium
497 2132 757 2176 concionari
779 2132 919 2174 libere
939 2140 1135 2186 possent.
1475 2172 1479 2176 ,

126 2209 197 2250 24.
265 2198 366 2238 Hoc
388 2195 486 2250 ipso
509 2202 727 2235 autumno
758 2190 905 2241 rediit,
937 2191 1136 2232 omnium
1163 2190 1348 2245 primus,
1375 2203 1463 2230 non
1498 2194 1670 2228 tantum

40 2271 92 2299 ex
114 2256 340 2300 Societate
363 2255 442 2298 sed
466 2268 521 2296 ex
544 2253 668 2306 orbe,
695 2266 719 2292 a
750 2252 913 2304 Iapone
943 2257 988 2292 et
1019 2250 1141 2292 India
1177 2247 1383 2291 orientali
1412 2248 1455 2288 in
1488 2247 1669 2296 Vrbem,

43 2316 88 2359 P.
115 2316 372 2359 Alexander
398 2312 651 2367 Regiensis,
678 2324 780 2352 cum
819 2321 868 2351 10
899 2323 1039 2350 annos
1068 2310 1111 2350 in
1146 2309 1229 2350 illis
1259 2307 1367 2349 locis
1397 2313 1514 2349 esset
1546 2319 1669 2359 pere-

41 2375 260 2430 grinatus,
287 2383 524 2429 postquam
556 2385 609 2414 eo
639 2385 662 2412 a
697 2372 770 2412 P?
805 2370 861 2410 N.
895 2369 1095 2423 generali
1127 2369 1307 2423 Laynez
1337 2368 1477 2408 Roma
1511 2364 1672 2405 missus

41 2444 170 2478 esset.

127 2504 196 2547 25.
264 2493 360 2536 Sub
384 2491 518 2533 finem
543 2488 679 2530 huius
703 2488 808 2529 anni
832 2487 1060 2542 Compluti
1091 2486 1295 2527 instituta
1320 2492 1387 2526 est
1411 2485 1561 2525 denuo
1585 2482 1667 2522 do-

41 2567 138 2596 mus
161 2551 457 2607 probationis,
484 2556 586 2604 post
609 2547 781 2589 obitum
806 2549 855 2589 P.
879 2546 1023 2588 nostri
1042 2545 1281 2601 generalis,
1303 2552 1347 2586 et
1370 2550 1473 2584 ante
1492 2540 1672 2584 electio-

43 2626 140 2655 nem
163 2612 269 2654 noui
294 2608 551 2666 praepositi3
578 2615 621 2649 et
648 2606 827 2648 domina
854 2606 993 2649 Maria
1017 2607 1073 2648 de
1106 2604 1339 2656 Mendoza,
1365 2616 1480 2655 quae
1504 2600 1546 2641 in
1575 2601 1670 2640 fun·

43 2671 253 2714 datricem
283 2669 477 2713 admissa
508 2670 654 2709 tuerat
688 2665 822 2707 huius
857 2666 1016 2707 domus
1052 2665 1106 2705 ab
1139 2663 1296 2704 eodem
1332 2662 1464 2703 Patre
1498 2666 1671 2713 nostro,

46 2737 150 2773 tunc
172 2730 320 2785 coepit
344 2729 399 2771 ad
422 2740 643 2782 expensas
667 2725 942 2767 necessarias
974 2738 1052 2778 pro
1081 2721 1275 2764 nouiciis
1303 2734 1486 2761 manum
1516 2719 1669 2760 admo-

46 2803 164 2842 uere3
198 2798 240 2833 et
269 2804 323 2831 ex
352 2789 485 2829 domo
515 2783 789 2841 probationis
822 2783 1017 2837 Villareji
1050 2780 1256 2837 permulti
1292 2778 1460 2821 nouicii
1495 2775 1672 2819 auocati

44 2857 144 2891 sunt
167 2849 476 2902 Complutum,
503 2843 710 2900 quamuis
735 2844 826 2885 fere
851 2855 906 2895 40
930 2843 1094 2884 ibidem
1120 2839 1382 2882 manserint.

131 2909 201 2951 26.
266 2908 381 2950 Cum
420 2907 466 2947 in
504 2902 745 2946 cardinalis
783 2902 1003 2955 Spinosae
1042 2900 1249 2955 gratiam,
1297 2897 1472 2939 initium
1518 2896 1672 2937 datum

45 2967 198 3009 fuisset
236 2965 430 3020 collegio
460 2962 706 3018 Siguntino
735 2960 779 3001 in
811 2961 967 3003 eadem
1004 2958 1233 3014 prouincia
1267 2958 1480 3009 toletana,
1514 2955 1670 2997 eodem

46 3034 219 3069 mortuo
242 3040 325 3068 nee
354 3024 584 3067 dotatione
613 3021 698 3063 vlla
729 3018 900 3073 relicta,
933 3018 1074 3060 nostri
1108 3018 1212 3060 inde
1245 3023 1350 3059 sunt
1382 3013 1575 3065 auocati,
1602 3026 1674 3054 eo-
