1891 3292
566 181 706 215 Epis‘r.
733 188 910 224 257.—17
933 180 1137 227 JANUARu
1167 180 1255 223 1576
1613 186 1679 221 447

91 292 370 342 representar
391 298 416 325 a
442 284 496 326 V.
528 284 576 325 Ρ.
613 283 698 324 che
724 281 768 322 in
793 282 939 335 questi
968 282 1122 337 tempi,
1156 290 1200 325 et
1228 281 1273 322 in
1305 288 1464 335 questa
1495 278 1728 335 prouincia

89 361 400 406 conuerrebbe
428 358 781 402 communicassi
807 361 862 401 V.
893 361 946 402 P.
974 360 1047 414 piu
1078 360 1361 413 largamente
1392 372 1472 400 sue
1504 355 1672 399 faculta
1703 370 1726 396 a

90 439 160 482 chi
178 438 359 480 hauessi
382 451 491 479 cura
523 436 569 478 di
604 436 771 490 quella,
795 436 1052 477 mandando
1080 450 1272 491 persone
1303 436 1359 478 de
1392 434 1464 476 chi
1498 433 1534 476 si
1555 432 1723 482 fidassi‚

89 531 135 559 se
153 516 301 570 quelle
324 516 408 557 che
431 514 471 555 ci
494 521 660 555 stanno
685 527 775 554 non
801 512 829 553 li
857 512 1088 566 paressino
1115 513 1207 556 tali.
1235 514 1290 555 Et
1315 527 1362 554 se
1386 520 1548 566 questo
1568 510 1590 553 ὲ
1609 524 1723 551 con-

91 595 230 635 forme
260 592 345 634 3116
379 589 714 640 constitutioni,
753 596 879 644 parte
913 604 955 645 9,
983 603 1085 644 cap.
1126 590 1168 644 6,
1201 604 1327 631 num.
1356 601 1395 640 2,
1424 588 1467 629 in
1500 587 1726 642 qualsiuo-

89 669 177 725 glia
201 667 490 724 prouinciali,
512 666 557 708 in
582 674 743 721 questo
767 667 873 720 logo
897 674 940 708 et
967 674 1119 721 tempo
1144 681 1249 721 pare
1271 666 1585 708 conuerrebbe
1610 665 1726 705 fosse

90 744 342 801 maggiore,
369 744 601 786 conforme
625 743 665 784 al
696 743 880 785 decreto
911 754 960 795 14
989 743 1104 784 della
1136 743 1205 785 25²³
1238 742 1599 797 congregatione
1639 754 1718 796 ge-

89 823 259 866 nerale.

171 911 212 952 4.
282 899 334 940 Et
365 911 450 939 con
480 904 642 951 questo
667 896 725 937 mi
757 910 863 950 pare
893 897 1032 938 hauet
1063 895 1284 937 scaricato
1316 895 1402 937 mia
1425 894 1721 947 conscientia,

85 977 247 1032 perche
265 976 378 1016 oltra
399 974 427 1015 li
446 973 605 1015 motiui
630 972 761 1026 detti,
788 971 901 1014 l'vso
924 973 979 1014 de
1003 980 1159 1014 nostro
1187 974 1238 1015 P.
1261 972 1455 1028 Ignafio,
1481 979 1525 1014 et
1548 985 1724 1014 succes-

82 1053 169 1096 sori
192 1051 356 1103 d’esso,
378 1051 437 1093 mi
462 1053 616 1093 hanno
640 1050 861 1105 impresso
885 1057 1048 1103 questo
1070 1056 1280 1092 concetto
1305 1049 1420 1091 nella
1443 1055 1608 1101 mente,
1629 1063 1726 1102 per-

82 1132 295 1174 ch'erano
318 1129 382 1171 vsi
405 1144 430 1171 a
452 1129 533 1170 dar
555 1129 715 1183 larghe
741 1128 903 1169 facolta
928 1142 951 1168 a
976 1126 1113 1180 quelli
1136 1128 1222 1169 che
1247 1127 1533 1168 mandauano
1556 1140 1635 1180 per
1653 1139 1723 1166 co-

83 1207 271 1250 missarii
301 1221 327 1248 o
357 1205 598 1258 visitatori,
623 1206 817 1247 essendo
847 1218 1042 1259 persone
1065 1204 1121 1246 de
1151 1204 1428 1246 confidenza.
1461 1204 1516 1244 Et
1546 1203 1721 1252 adesso,

80 1285 115 1327 si
138 1286 225 1326 ben
246 1283 305 1325 mi
329 1291 460 1325 trouo
480 1284 622 1325 hauer
647 1281 828 1324 visitato
853 1288 970 1323 tutta
995 1289 1154 1335 questa
1180 1281 1428 1335 prouincia,
1455 1287 1498 1321 et
1524 1294 1602 1334 per
1625 1293 1725 1334 gra-

80 1363 138 1405 tia
161 1363 216 1404 de
240 1361 326 1403 Dio
350 1361 385 1402 si
420 1375 532 1402 sono
556 1359 792 1415 essegusti,
818 1366 862 1402 et
894 1358 1087 1401 tuttavia
1111 1358 1499 1413 s’esseguiscono,
1527 1356 1556 1397 li
1580 1356 1723 1397 ordini

79 1439 184 1490 dati,
212 1446 255 1479 et
291 1438 350 1480 mi
375 1437 516 1492 potrei
541 1437 707 1492 partire
731 1436 840 1491 ogni
864 1437 977 1477 hora
1008 1437 1093 1477 che
1119 1437 1174 1477 V.
1206 1437 1255 1478 P.
1283 1434 1448 1478 volessi
1471 1433 1655 1477 seruirsi
1680 1433 1721 1474 di

78 1531 146 1558 me
170 1516 359 1569 altroue‚
387 1515 445 1556 mi
470 1515 493 1557 e
518 1529 650 1570 parso
674 1515 855 1556 doueuo
879 1513 1051 1555 scriuer
1076 1520 1253 1567 questo,
1280 1514 1363 1553 hor
1386 1512 1450 1553 sia
1475 1525 1552 1566 per
1577 1525 1657 1552 vso
1680 1510 1722 1551 di

77 1593 210 1648 quelli
247 1594 330 1635 che
365 1592 527 1634 stiamo
557 1593 735 1646 adesso,
769 1593 852 1632 hor
886 1591 1035 1632 d’altri
1067 1593 1150 1632 che
1189 1589 1430 1633 venessino
1461 1603 1484 1630 a
1521 1596 1648 1630 tener
1684 1588 1724 1628 13

77 1685 183 1713 cura
207 1671 248 1712 di
270 1680 431 1724 questa
455 1669 708 1725 prouincia.

164 1759 204 1802 5.
272 1749 328 1790 Et
358 1749 523 1803 perche
548 1747 691 1802 potria
718 1748 772 1789 V.
802 1747 853 1789 P.
887 1748 1028 1788 hauer
1059 1746 1252 1799 qualche
1276 1745 1415 1787 dubio
1445 1745 1528 1787 che
1554 1742 1722 1784 fossino

75 1825 288 1868 sminuite
317 1824 513 1867 l'intrate
545 1824 589 1865 di
614 1824 794 1879 collegii
826 1837 911 1865 con
943 1824 1137 1878 qualche
1169 1822 1441 1865 alienatione
1471 1822 1526 1862 de
1551 1820 1722 1862 censio

75 1903 219 1955 simili,
248 1902 407 1958 tenghi
432 1916 509 1957 per
539 1908 665 1944 certo
689 1903 774 1944 che
798 1915 948 1943 vanno
972 1901 1011 1942 le
1036 1914 1141 1942 cose
1170 1900 1442 1942 incaminate
1468 1912 1545 1953 per
1568 1899 1717 1951 l’aug·

76 1989 225 2023 mento
250 1980 378 2034 quasi
404 1979 446 2020 in
473 1978 582 2034 ogni
607 1978 803 2034 collegio
827 1978 871 2020 in
898 1980 1119 2031 futurum,
1144 1977 1279 2020 etiam
1304 1977 1347 2018 in
1373 1983 1534 2031 questo
1558 1976 1614 2017 de
1638 1975 1720 2017 Ca-

74 2057 210 2109 tania‚
237 2057 272 2098 si
292 2059 380 2100 ben
399 2058 561 2099 alcune
580 2056 805 2100 necessita
824 2056 863 2097 ci
882 2055 1126 2110 stringono
1148 2056 1204 2097 de
1229 2062 1438 2110 presente
1458 2067 1536 2108 per
1555 2053 1595 2095 le
1615 2066 1699 2093 cau

74 2148 120 2176 se
144 2135 283 2177 dette.
315 2135 487 2177 Perche
506 2135 546 2176 le
576 2146 658 2176 Ioo
682 2133 831 2182 oncie,
854 2133 898 2174 id
923 2141 1007 2187 est,
1038 2143 1122 2185 250
1154 2142 1194 2176 V
1225 2132 1310 2173 che
1335 2131 1390 2173 da
1415 2131 1456 2172 la
1480 2129 1606 2180 citta,
1629 2143 1717 2169 non

75 2211 109 2252 si
131 2226 329 2267 possono
348 2212 518 2266 godere
543 2211 720 2264 adesso,
748 2210 914 2265 perche.
938 2217 1177 2252 maturano
1197 2223 1307 2263 pure
1325 2209 1365 2250 al
1389 2208 1478 2250 fine
1502 2207 1607 2249 delli
1633 2214 1717 2249 ter-

76 2288 180 2329 mini
204 2288 427 2331 semestri.
460 2289 512 2329 Et
536 2301 651 2329 sono
674 2287 885 2342 applicati
911 2301 991 2341 per
1014 2286 1041 2327 il
1068 2299 1265 2328 vescouo
1284 2284 1383 2327 altri
1409 2296 1493 2326 200
1519 2295 1557 2329 <J
1593 2299 1618 2324 o
1643 2283 1719 2338 piu

74 2365 295 2417 d'intrata‚
329 2367 384 2408 de
407 2380 462 2406 vn
495 2364 717 2406 beneficio
743 2365 798 2407 de
816 2364 919 2418 jure
951 2371 1231 2418 patronatus,
1272 2363 1389 2416 dopo
1420 2362 1460 2403 la
1491 2361 1582 2402 vita
1612 2361 1716 2401 <svn

75 2444 249 2493 vechi03
277 2450 320 2485 et
341 2458 397 2484 vn
422 2441 740 2495 gentilhuomo
760 2456 814 2483 va
834 2455 911 2496 per
931 2440 1130 2495 applicas
1148 2454 1207 2481 vn
1233 2440 1347 2481 altro
1365 2438 1606 2492 beneficio,
1637 2453 1719 2492 pur

72 2520 126 2562 de
157 2521 254 2563 iure
289 2528 570 2574 patronatus,
603 2520 739 2560 bono.
763 2519 924 2563 ‚Sanza
957 2524 1119 2571 questo
1150 2517 1188 2558 ci
1220 2517 1241 2558 ὲ
1273 2518 1313 2559 13
1344 2530 1579 2571 speranza,
1619 2516 1717 2557 anzi
1752 2567 1755 2570 y

72 2605 246 2640 certeza
268 2598 324 2640 de
356 2597 411 2650 56
433 2596 578 2649 oncie,
604 2596 770 2637 donate
794 2596 835 2637 31
866 2595 1063 2650 collegio
1093 2596 1210 2650 dopo
1234 2596 1275 2636 13
1297 2593 1388 2635 vita
1412 2592 1542 2635 d'vna
1567 2593 1717 2647 signo—

71 2690 117 2717 ra
140 2675 315 2716 vechia.
338 2674 390 2717 Ci
415 2673 438 2716 ὲ
462 2673 734 2715 similmente
757 2672 827 2714 cio
850 2674 935 2714 che
960 2674 1016 2713 ho
1041 2671 1197 2713 scritto
1216 2673 1328 2713 altre
1352 2672 1440 2713 due
1464 2671 1586 2712 volte
1604 2671 1719 2713 delle

72 2752 343 2806 possessioni
362 2752 419 2793 de
438 2750 553 2794 certi
570 2749 776 2791 huomini
795 2750 851 2790 da
871 2751 1003 2799 bene,
1031 2749 1234 2801 solitarii,
1263 2750 1350 2790 che
1376 2757 1577 2803 tengono
1598 2762 1716 2802 pres-

71 2843 119 2870 so
141 2844 164 2871 a
187 2829 394 2878 Catania3
421 2836 466 2870 et
489 2842 537 2869 se
564 2829 618 2869 V.
651 2829 701 2869 P.
730 2828 830 2868 vole
854 2826 1086 2868 accettarli
1111 2841 1188 2880 per
1212 2826 1402 2868 membri
1426 2826 1498 2868 del
1522 2825 1718 2879 collegio

69 2905 123 2948 de
146 2906 353 2959 Catania‚
380 2913 423 2947 et
448 2920 472 2946 3
504 2903 756 2946 obedienza
780 2903 898 2944 della
924 2902 1227 2957 Compagnia,
1255 2902 1541 2945 vorrebbeno
1572 2903 1655 2944 che
1687 2902 1715 2943 li

71 2983 172 3024 beni
189 2983 304 3033 suoi,
326 2983 444 3037 dopo
463 2983 503 3023 13
523 2981 613 3023 vita
633 2980 827 3022 d'alcuni
853 2980 1030 3031 vecchi,
1052 2979 1294 3022 venessino
1315 2981 1355 3022 al
1380 2980 1588 3035 collegio.
1613 2981 1717 3022 Non
