1891 3292
263 162 338 205 (398
702 206 705 209 ,
770 163 957 198 pomum
985 171 1295 197 COMPLEMENTA

217 264 257 304 in
283 265 366 304 hac
392 269 513 315 parte
538 262 645 302 nihil
669 269 811 304 mutat
834 263 890 305 de
912 269 1032 305 statu
1056 262 1098 302 in
1119 276 1208 315 quo
1227 270 1330 304 ante
1349 263 1588 305 concilium
1608 272 1734 306 erant
1753 280 1837 309 ma-

219 321 420 362 trimonia
458 328 502 362 et
536 335 688 362 eorum
729 328 1003 363 contractus.
1040 321 1142 363 Alia
1181 321 1313 363 etiam
1349 322 1567 374 quaedam
1609 337 1696 364 non
1730 324 1869 367 leuis=

218 379 428 422 momenti
453 389 557 420 sunt
582 387 680 420 acta
703 394 805 421 cum
831 381 876 423 S.
906 381 988 422 Sfe
1011 380 1068 421 ad
1093 393 1335 422 commune
1359 381 1543 423 bonum.

307 451 346 491 3.
413 438 527 479 Cum
557 439 603 480 Ρ.
632 439 820 480 Carolus
846 439 1037 488 Pharao,
1074 439 1302 492 professor
1333 440 1586 494 theologiae
1614 440 1658 480 in
1688 449 1838 483 nostro

216 497 407 551 collegio
447 497 672 550 patauino‚
707 499 980 552 Bergamum
1011 497 1067 538 ad
1098 504 1275 551 tempus
1306 498 1468 538 missus
1499 506 1632 551 esset,
1664 506 1710 539 vt
1745 499 1836 553 epi-
1890 534 1891 540 ,

215 557 336 609 scopi
363 555 564 608 petitioni
589 555 843 606 satisfieret,
872 570 1036 610 magno
1060 569 1162 596 cum
1192 557 1339 596 fructu
1364 556 1527 598 ibidem
1548 556 1591 597 in
1615 557 1836 599 concioni-

216 616 314 665 bus,
341 614 544 655 doctrina
573 613 732 667 xfiana,
765 615 944 655 casibus
975 615 1276 656 conscientiae
1300 616 1549 668 praelectis,
1578 616 1838 670 pietatisque
1890 625 1891 644 ³

215 674 310 715 aliis
332 673 557 727 operibus,
585 687 686 714 curn
711 674 832 715 socio
854 681 1058 716 versatus
1081 680 1164 724 est;
1191 682 1233 714 et
1258 674 1373 714 serio
1398 674 1576 714 nomine
1600 689 1681 715 suo
1710 683 1752 716 et
1782 676 1837 716 ci-
1890 703 1891 717 i

213 732 381 781 uitatis,
408 731 646 785 episcopus
670 732 913 787 collegium
939 733 1206 786 postulauit,
1236 747 1309 786 per
1334 732 1504 774 litteras
1528 742 1572 773 et
1597 748 1673 787 per
1698 734 1836 775 cardi-

215 792 358 832 nalem
383 791 651 844 Cornarum,
681 792 858 834 fratrem
885 806 1033 841 suum,
1061 791 1312 839 ecclesiam,
1339 792 1519 832 domum
1545 806 1596 832 ac
1616 792 1732 832 vitae
1756 807 1835 834 ne—

214 849 406 891 cessaria
431 850 675 901 offerend03
702 851 780 892 sed
804 851 860 891 ob
888 851 1121 904 penuriam
1147 851 1450 902 operariorum
1476 865 1563 891 non
1589 857 1656 892 est
1680 851 1836 892 admis-

212 923 326 958 sum,
354 922 445 949 rem
469 908 511 948 in
537 908 657 949 aliud
682 921 858 963 tempus
884 908 1148 958 reiiciendo,
1176 923 1278 949 cum
1311 908 1475 951 ibidem
1501 910 1632 951 etiam
1658 923 1729 952 res
1751 924 1839 952 ma-

214 968 283 1023 gis
308 976 486 1021 paratae
509 975 673 1011 essent.
1213 977 1223 987 ⁶

302 1038 343 1078 4.
411 1026 528 1067 Noui
553 1025 840 1079 prouincialis
868 1026 911 1066 in
937 1025 1172 1080 Hispania,
1205 1025 1331 1066 initio
1361 1026 1466 1066 anni
1490 1041 1570 1067 sua
1594 1025 1740 1067 officia
1777 1026 1838 1067 in-

214 1086 451 1134 choarunt,
485 1085 658 1127 scilicet
681 1085 724 1125 in
756 1085 986 1139 prouincia
1010 1085 1233 1126 Castellae
1261 1086 1393 1125 Pater
1417 1085 1641 1139 Aegidius
1664 1085 1838 1138 Gonca-

212 1145 294 1194 lez;
322 1144 364 1184 in
392 1145 608 1196 toletana,
639 1145 772 1185 Pater
796 1144 1013 1185 Emanuel
1034 1145 1198 1197 Lopez;
1220 1143 1264 1183 in
1284 1144 1557 1199 aragonensi
1583 1145 1714 1185 Pater
1733 1144 1837 1185 Cor-

213 1203 382 1251 desses;
423 1202 467 1242 in
500 1202 696 1253 Baetica,
733 1204 863 1244 Pater
896 1203 1086 1244 Ioannes
1116 1202 1282 1250 Canas,
1315 1203 1533 1243 absolutis
1572 1203 1836 1255 quibusdam

214 1261 415 1313 negociis
444 1276 468 1302 a
502 1263 633 1303 Patre
656 1263 711 1303 D.
747 1261 917 1303 Didaco
946 1262 1000 1302 de
1036 1261 1338 1311 Auellaneda‚
1367 1260 1483 1302 idem
1518 1262 1715 1302 officium
1747 1269 1838 1304 erat

214 1320 523 1367 inchoaturus,
552 1321 671 1374 quod
697 1320 800 1361 fecit
828 1321 897 1373 7.³‘
921 1320 1083 1362 Martii.
1114 1321 1160 1360 In
1188 1319 1339 1361 Sicilia
1363 1335 1488 1372 vero,
1517 1327 1753 1362 recusante
1774 1335 1838 1363 se-

215 1379 279 1420 rio
306 1381 377 1420 Ρ.Θ
414 1380 552 1420 Paulo
577 1380 768 1421 Achileo
790 1378 1168 1433 viceprouinciali,
1195 1379 1390 1420 delatum
1415 1387 1483 1421 est
1508 1394 1660 1421 mense
1687 1380 1839 1421 Ianua-

215 1438 326 1479 rium
359 1437 457 1493 [εἰς]
489 1438 532 1478 id
556 1438 751 1479 officium
780 1440 828 1480 Ρ.
857 1438 1009 1478 Ioanni
1039 1438 1094 1479 de
1127 1439 1356 1491 Montoya,
1389 1438 1609 1479 visitatori
1640 1420 1838 1480 eiusdem

216 1496 489 1551 prouinciae.
524 1497 729 1538 Aliorum
762 1496 1094 1551 provincialium
1124 1496 1259 1538 dilata
1282 1506 1349 1538 est
1374 1496 1576 1548 mutatio,
1600 1504 1647 1537 vt
1671 1497 1840 1538 scilicet

215 1555 504 1609 prouincialis
528 1555 799 1609 Aquitaniae
830 1563 872 1596 et
897 1556 1130 1599 Franciae,
1156 1556 1199 1596 in
1224 1556 1471 1597 aduentum
1494 1555 1736 1596 visitatoris
1759 1557 1840 1597 hoc

215 1629 332 1655 anno
356 1629 409 1656 eo
433 1615 654 1664 mitten‹sli;
680 1622 723 1656 et
753 1614 964 1664 aliorum,
993 1616 1035 1655 in
1060 1614 1408 1657 commodiorem
1442 1615 1700 1656 facultatem
1735 1615 1838 1655 sub-

217 1673 431 1715 stituendi
458 1674 642 1714 aliorum
667 1687 819 1715 eorum
843 1674 955 1715 loco.

304 1743 344 1785 5.
412 1733 525 1774 Cum
551 1733 752 1774 redditus
782 1732 959 1786 collegii
991 1731 1161 1773 romani
1191 1746 1326 1785 super
1356 1740 1508 1772 monte
1541 1731 1840 1785 recuperatio-

216 1805 322 1832 nurn
347 1795 407 1843 (vt
430 1794 608 1841 vocant)
634 1791 919 1845 constitutus,
947 1791 990 1831 in
1025 1791 1154 1831 aliam
1190 1791 1374 1831 formam
1401 1791 1702 1843 redigeretur,
1730 1790 1843 1831 vnde

217 1850 493 1904 quingentos
517 1865 677 1892 aureos
695 1850 932 1904 collegium
956 1849 1149 1904 singulis
1169 1850 1297 1890 annis
1316 1849 1564 1902 amittebat,
1587 1849 1659 1890 die
1678 1850 1747 1892 63³
1766 1850 1842 1891 Fe·
1890 1848 1891 1853 ’

216 1909 382 1950 bruarii
407 1910 628 1950 allocutus
652 1924 748 1950 sum
776 1909 1055 1963 pontificem,
1082 1916 1126 1950 et
1149 1909 1369 1949 concessit
1402 1909 1602 1950 eamdem
1627 1922 1842 1949 summam

217 1968 261 2008 in
286 1968 420 2009 alium
451 1975 648 2010 montem
674 1967 925 2018 transferri,
960 1967 1078 2009 vnde
1109 1967 1216 2008 nihil
1247 1966 1448 2008 redditus
1470 1967 1664 2021 collegio
1687 1968 1841 2022 deper-

220 2034 319 2069 iret.
848 2060 849 2063 ,
1169 2064 1172 2067 Α

306 2086 348 2128 6.
415 2086 581 2126 Eodem
607 2085 679 2126 die
707 2086 756 2127 Ρ.
794 2085 1011 2126 Alfonsus
1041 2085 1273 2127 Salmeron
1304 2100 1358 2126 ex
1388 2086 1494 2127 vrbe
1523 2084 1733 2138 Neapoli,
1769 2097 1840 2125 au-

218 2148 426 2186 ctoritate
450 2143 610 2185 summi
642 2143 865 2198 pontificis
894 2151 1131 2193 euocatus,
1158 2150 1202 2184 vt
1230 2144 1310 2197 ipsi
1341 2144 1687 2185 concionaretur
1711 2144 1753 2184 in
1778 2157 1838 2184 sa-

218 2217 295 2244 cro
320 2203 505 2257 palacio,
534 2202 891 2245 benedictionem
922 2203 975 2243 ab
1000 2217 1054 2245 eo
1079 2203 1266 2256 accepit,
1289 2203 1553 2256 initiumque
1576 2202 1840 2243 concionum

220 2263 262 2302 in
294 2262 563 2303 dominicam
598 2261 903 2315 sexagesimae
940 2261 1136 2315 proxime
1174 2269 1453 2314 sequentem,
1490 2261 1633 2303 eidem
1668 2260 1838 2311 indikit3

220 2322 519 2375 praecedente
552 2320 623 2362 die
664 2322 714 2361 Ρ.
753 2320 1024 2362 Benedictus
1066 2321 1262 2361 Palmius
1296 2320 1528 2374 Neapolim
1568 2321 1624 2361 ab
1658 2321 1842 2374 ipsomet

221 2380 433 2433 pontifice
471 2380 634 2420 missus
671 2386 754 2428 est,
797 2386 841 2419 vt
880 2378 922 2419 in
963 2379 1305 2433 quadragesima
1344 2379 1703 2427 concionaretur,
1743 2391 1838 2419 cum
1890 2413 1891 2435 3

221 2453 403 2483 annum,
433 2446 476 2479 et
499 2453 554 2480 eo
577 2437 789 2492 amplius,
821 2437 1021 2491 pontifici
1053 2452 1154 2478 cum
1179 2438 1474 2479 admiratione
1498 2446 1541 2480 et
1573 2439 1719 2479 fructu
1754 2449 1840 2477 non

221 2497 433 2540 mediocri
459 2497 619 2539 fuisset
642 2497 684 2537 in
712 2496 883 2550 palacio
908 2495 1225 2537 concionatus.

309 2568 349 2609 7.
418 2556 500 2598 Die
539 2556 587 2598 18
619 2554 814 2597 Ianuarii
847 2555 1007 2595 domus
1037 2555 1216 2609 collegii
1253 2554 1568 2597 auenionensis
1602 2570 1625 2595 a
1664 2554 1842 2595 ciuitate

220 2623 369 2669 empta
397 2623 440 2656 et
469 2616 655 2656 liberata
690 2614 745 2655 ab
774 2613 1125 2667 obligationibus
1155 2614 1272 2663 aliis,
1300 2614 1466 2655 nostris
1496 2613 1654 2655 tradita
1677 2621 1765 2664 est,
1799 2618 1840 2652 et

220 2674 328 2727 ipsis
350 2674 392 2714 in
420 2673 745 2728 possessionem
776 2672 1044 2714 inducendis
1075 2685 1129 2725 30
1155 2674 1279 2714 ciues
1307 2672 1500 2723 primarii
1530 2672 1724 2713 ciuitatis
1766 2669 1838 2711 ibi·
1890 2702 1891 2712 .

219 2733 319 2773 dem
347 2733 492 2785 pransi
517 2746 620 2773 cum
647 2731 813 2772 nostris
836 2731 1058 2773 celebrem
1083 2731 1198 2772 diem
1223 2740 1432 2783 egerunt.
1889 2778 1891 2783 Ι

312 2792 351 2833 8.
419 2790 658 2833 Dominica
691 2789 1021 2844 sexagessimae
1058 2804 1162 2831 suas
1190 2791 1431 2831 conciones
1458 2789 1690 2830 inchoauit
1716 2790 1840 2829 Pater
1888 2836 1889 2842 ¹

222 2851 471 2899 Sahneron,
497 2858 540 2891 et
564 2864 639 2891 eas
660 2863 799 2902 vsque
823 2848 879 2889 ad
903 2848 1126 2903 paschalia
1147 2849 1257 2890 festa
1278 2856 1456 2903 peracta
1478 2855 1741 2902 prosecutus
1758 2850 1838 2896 est,
1888 2870 1891 2906 ἶ

224 2922 386 2962 magna
410 2922 516 2950 sane
547 2917 589 2948 et
620 2907 912 2949 cardinalium
944 2915 988 2950 et
1017 2907 1338 2961 palatinorum,
1366 2907 1643 2960 aliorumque
1672 2904 1838 2947 audito-

222 2981 318 3007 rum
346 2967 596 3020 frequentia
625 2975 677 3009 et·
698 2966 1008 3008 admiratione.
1062 2966 1177 3008 Cum
1208 2973 1356 3009 autem
1388 2973 1486 3021 post
1517 2966 1683 3020 pascha
1713 2964 1839 3004 Pater
