1891 3292
236 260 302 295 232
759 260 945 296 POLANCI
972 269 1286 295 COMPLEMENTA

187 370 231 405 et
254 362 397 403 doctis
420 369 462 402 et
489 360 585 415 piis,
613 375 725 415 quos
759 368 913 402 mutuo
950 377 975 404 a
1012 361 1284 404 badensibus
1313 361 1367 403 ad
1402 368 1576 415 tempus
1613 360 1803 415 accepit,

186 437 425 490 omniaque
450 444 537 478 tam
570 437 755 480 feliciter
781 444 825 478 et
854 437 1002 479 subito
1031 447 1136 479 sunt
1165 437 1389 487 confecta,
1418 444 1465 477 ut
1492 436 1695 478 diuinum
1726 450 1804 478 nu-

186 527 287 554 men
326 512 454 553 nobis¹
486 512 680 555 astitisse
713 527 800 554 non
834 513 1131 567 ambigamus.
1160 513 1275 554 Cum
1299 511 1417 554 enirn
1450 512 1691 564 lutherani,
1718 512 1804 567 pri-

186 603 255 631 ma
280 590 502 631 aduentus
524 589 761 642 dominica,
787 589 1074 631 nouissimam
1093 603 1219 631 suam
1239 588 1502 630 concionem
1523 588 1805 639 habuissent,

185 665 332 706 statim
358 673 535 720 postera
564 666 636 708 die
664 666 772 720 ipsis
801 666 914 707 nihil
948 668 1034 708 tale
1067 665 1328 708 timentibus
1360 663 1624 718 imperatum
1660 674 1727 707 est
1760 673 1806 706 ut

186 742 284 782 loco
306 742 534 794 cederent,
562 756 706 796 neque
736 744 924 797 posthac
953 757 1001 783 se
1034 741 1229 796 pristinis
1259 749 1302 783 et
1331 740 1423 782 suis
1452 740 1678 783 consuetis
1709 742 1805 782 fun-

186 817 425 872 ctionibus,
452 818 659 873 Etlingae
683 818 1003 870 immiscerent3
1030 819 1150 872 quod
1174 826 1218 860 et
1249 818 1466 860 fecerunt.
1493 817 1707 860 Secunda
1731 818 1806 858 do-

188 894 368 948 minica,
394 895 636 937 solenniter
669 895 802 936 missa
826 910 902 950 per
926 895 1166 937 badensem
1190 895 1412 936 decanum
1447 893 1732 949 decanta[ta],
1759 894 1803 934 in

188 970 444 1025 plenissimo
466 971 685 1012 auditorio
711 973 842 1012 Pater
866 973 1020 1012 habuit
1043 971 1321 1020 concionem3
1350 970 1626 1011 mirabantur
1650 983 1807 1011 omnes

187 1029 354 1088 tantam
379 1048 726 1098 multitudinem,
754 1062 885 1102 quarn
911 1048 983 1089 vix
1009 1048 1240 1101 templum,
1267 1046 1369 1088 licet
1393 1046 1711 1095 vastissimum,
1738 1060 1810 1087 ca-

189 1131 324 1177 peret.
352 1124 465 1165 Nam
492 1124 640 1166 Badae
668 1131 771 1166 ante
801 1124 1120 1178 sesquiannum
1149 1123 1332 1164 omnino
1363 1121 1637 1163 contrarium
1668 1122 1807 1165 conti-

186 1208 327 1254 gerat.
355 1199 583 1254 Quicquid
606 1201 823 1255 agebatur
847 1200 890 1241 in
916 1201 1082 1255 templo
1104 1199 1200 1241 siue
1222 1199 1267 1240 in
1293 1199 1440 1252 missa,
1467 1198 1563 1240 siue
1586 1198 1629 1239 in
1655 1198 1803 1252 bapti-

187 1275 340 1318 zandis
372 1276 634 1328 infantibus,
671 1276 766 1318 siue
805 1276 849 1317 in
889 1276 1058 1330 nuptiis
1096 1274 1432 1327 benedicendis,
1460 1276 1532 1316 uel
1565 1274 1679 1325 aliis,
1716 1283 1809 1317 erat

186 1353 292 1394 huic
316 1353 479 1407 populo
502 1367 671 1394 nouum
695 1361 738 1395 et
761 1361 892 1395 antea
921 1353 1134 1403 inuisum,
1167 1360 1321 1407 utpote
1353 1351 1427 1405 qui
1454 1351 1638 1405 triginta
1668 1365 1810 1393 annos

185 1428 347 1482 quibus
370 1428 618 1471 lutheranis
642 1436 848 1483 paruerat
879 1428 985 1470 nihil
1015 1429 1100 1470 tale
1131 1428 1319 1471 uiderat.
1347 1429 1661 1471 Accurrebant
1684 1442 1804 1471 acer-

184 1505 321 1546 uatim
345 1506 400 1546 ad
423 1504 660 1547 ecclesiam
690 1505 922 1559 cupientes
951 1505 1127 1547 curiose
1157 1505 1310 1548 videre
1339 1505 1446 1559 quid
1475 1504 1618 1555 fieret3
1652 1504 1724 1546 alii
1756 1504 1807 1545 ri·

182 1582 364 1631 debant,
391 1580 463 1622 alii
485 1582 651 1623 flebant
676 1597 763 1623 non
789 1582 954 1636 pietate
977 1582 1055 1623 sed
1079 1582 1263 1635 malitia,
1291 1581 1416 1635 quasi
1447 1581 1523 1635 qui
1552 1581 1702 1624 denuo
1726 1595 1806 1622 co-

183 1666 400 1713 gerentur
423 1657 550 1699 idolis
574 1658 759 1711 seruire,
786 1672 874 1712 quo
905 1658 1002 1699 loco
1032 1671 1112 1700 nos
1142 1658 1388 1710 habebant3
1415 1657 1622 1700 ridebant
1647 1657 1720 1699 alii
1742 1672 1809 1698 sa-

182 1734 401 1777 cerdotes.
430 1734 514 1776 Vix
538 1742 688 1777 autem
714 1734 911 1776 triduum
937 1734 1225 1790 transi[e]rat‚
1253 1749 1392 1788 quum
1422 1735 1571 1776 omnia
1596 1733 1808 1788 tranquil-

182 1811 223 1852 la
246 1811 420 1853 fierent.
443 1811 704 1853 Generosus
721 1811 838 1853 enim
857 1825 1007 1853 comes
1025 1811 1303 1866 grauissimis
1330 1811 1414 1853 sub
1439 1810 1594 1865 poenis
1617 1810 1809 1852 inhibuit

184 1900 239 1928 ne
261 1887 512 1941 quisquam,
536 1887 633 1930 siue
657 1901 782 1942 puer,
808 1887 905 1930 siue
928 1888 1125 1941 adultus,
1152 1887 1463 1930 sacerdotibus
1491 1888 1563 1930 uel
1587 1888 1721 1929 rebus
1743 1902 1808 1930 sa-

184 1963 270 2004 cris
302 1963 570 2005 calumniam
606 1964 806 2007 inferret.
846 1965 1013 2006 Verum
1045 1964 1334 2005 curiosiorem
1366 1964 1581 2018 populum
1616 1978 1705 2019 ego
1736 1964 1810 2006 uix

185 2039 291 2082 uidi.
318 2041 367 2081 In
391 2040 620 2082 matutinis
649 2040 869 2082 nataliciis
901 2040 1046 2082 media
1077 2048 1210 2083 nocte
1241 2039 1457 2095 templum
1483 2041 1695 2083 refertum
1721 2040 1811 2082 uidi

185 2116 458 2167 hominibus,
491 2124 540 2158 ut
568 2118 845 2159 ceremonias
872 2117 1090 2160 ecclesiae
1116 2125 1267 2171 posset
1293 2117 1458 2160 videre.
1486 2118 1581 2167 Est,
1609 2124 1657 2158 ut
1691 2117 1810 2160 vide·

185 2200 273 2243 tur,
305 2193 446 2234 facilis
476 2207 557 2235 nec
587 2201 675 2235 tam
704 2194 972 2245 obstinatus3
1005 2193 1178 2235 accedit
1207 2193 1493 2245 concionem,
1520 2193 1811 2236 libentissime

187 2270 366 2310 Patrem
391 2269 530 2320 audit,
556 2283 607 2310 ac
636 2269 769 2311 etiam
801 2270 1105 2321 commendat;
1132 2269 1318 2312 interest
1353 2284 1517 2324 magna
1557 2283 1658 2324 pars
1687 2283 1813 2311 sacro

184 2346 344 2387 missae
367 2346 531 2389 officio.

271 2434 314 2474 4.
383 2422 643 2465 Inuenimus
668 2423 740 2464 hic
766 2423 978 2477 templum
1010 2430 1097 2463 tam
1128 2436 1363 2477 spurcum,
1396 2437 1486 2477 quo
1519 2424 1691 2464 nullum
1723 2431 1810 2464 tur-

186 2499 297 2553 pius,
319 2499 525 2542 fenestris
548 2499 740 2541 maxima
764 2513 818 2542 ex
843 2506 967 2553 parte
986 2498 1249 2552 confractis,
1270 2499 1547 2542 ornamentis
1569 2499 1808 2554 dissipatis;

186 2575 482 2629 praeciosiora
504 2575 620 2617 enim
640 2589 843 2630 quaeque
860 2575 1006 2616 ablata
1024 2582 1129 2616 sunt
1150 2576 1284 2618 furto.
1313 2577 1445 2617 Nunc
1470 2576 1691 2619 fenestrae
1715 2575 1811 2617 refi-

184 2652 383 2704 ciuntur,
411 2661 595 2693 ornatus
630 2658 920 2703 restauratur,
945 2660 989 2694 et
1027 2651 1240 2705 paulatim
1275 2666 1377 2694 vere
1408 2651 1593 2694 ineunte
1624 2651 1812 2706 parietes

185 2728 534 2770 dealbabuntur.
563 2728 683 2769 Nihil
709 2728 800 2770 fere
818 2729 943 2771 deest
967 2742 1099 2782 quam
1125 2728 1182 2783 pii
1205 2736 1248 2770 et
1272 2728 1391 2770 docti
1413 2728 1684 2778 sacerdotes,
1705 2741 1810 2781 quo-

189 2819 284 2845 rum
315 2818 523 2859 magnam
560 2804 791 2859 penuriam
826 2805 936 2846 haec
969 2805 1203 2859 prouincia
1237 2804 1420 2859 patitur.
1453 2805 1589 2848 Certe
1621 2804 1811 2858 populus

187 2881 316 2923 facile
349 2888 467 2923 esset
497 2881 725 2936 reductus,
759 2881 795 2922 si
834 2881 910 2934 qui
950 2888 1180 2935 praesunt,
1221 2881 1367 2935 ipsum
1407 2881 1451 2922 in
1490 2880 1673 2923 Christo
1711 2880 1809 2921 Iesu

187 2965 470 3010 quaererent,
497 2965 540 2998 et
563 2971 652 2999 non
677 2957 825 3012 potius
850 2957 943 2999 suis
962 2957 1284 3012 temporalibus
1303 2957 1548 2999 commodis
1568 2956 1805 2999 seruirent.

277 3043 316 3085 5.
386 3034 671 3076 Reverendus
697 3035 828 3076 Pater
850 3033 1078 3088 Georgius
1103 3034 1291 3076 libenter
1315 3048 1369 3076 ex
1399 3032 1616 3075 charitate
1642 3030 1807 3074 Christi
