1891 3292
281 179 349 212 686
778 177 963 210 POLANCI
997 184 1313 210 COMPLEMENTA

234 293 259 331 4
289 286 512 330 votorum,
545 291 647 319 cum
679 291 759 318 sua
788 291 952 332 magna
984 283 1028 319 et
1066 277 1254 318 aliorum
1284 276 1605 332 consolatione,
1639 284 1682 320 et
1712 277 1754 320 in
1784 280 1852 324 die

239 336 569 379 Purificationis
591 343 824 388 sequente,
849 350 979 377 sumo
1003 350 1131 378 mane
1154 336 1197 376 in
1222 336 1415 377 Domino
1438 336 1564 377 obiit.

328 408 390 438 10.
458 396 558 436 Hoc
591 396 750 436 eodem
785 395 856 436 die
892 395 1105 448 templum
1141 409 1326 445 nouum,
1363 410 1387 437 a
1421 394 1724 435 fundamentis
1747 410 1848 439 con-

234 462 454 495 structum
478 454 521 494 in
546 461 698 496 monte
727 453 964 507 Quirinali,
990 453 1111 495 dicto
1142 455 1296 495 Monte
1324 453 1529 507 Cauallo,
1561 467 1586 494 a
1617 454 1749 496 Patre
1776 469 1848 498 no-

232 520 324 553 stro
369 527 448 566 pro
489 512 622 553 domo
665 512 955 566 probationiS,
997 519 1308 554 consecratum
1353 512 1436 553 fuit
1479 511 1735 554 solemniter
1776 528 1850 568 per

232 571 379 613 Ill.¹¹¹um
402 569 568 613 Car.¹³¹¹¹
591 571 875 620 Columnam,
902 571 944 611 id
967 577 1051 622 est,
1079 572 1218 612 altare
1242 570 1405 611 maius.

328 642 392 671 11.
461 630 575 672 Cum
611 629 818 671 dominus
853 629 1084 679 Rodolfus,
1120 629 1247 671 ducis
1281 629 1398 671 Atrii
1432 626 1564 679 filius,
1595 628 1639 670 in
1672 629 1849 672 domum

235 688 473 731 Societatis
506 688 727 730 admissus
756 695 875 731 esset
904 689 1099 743 (venerat
1132 697 1281 730 autem
1314 687 1450 742 patris
1485 687 1620 742 petita
1653 688 1732 729 sed
1765 703 1850 732 non

233 747 417 789 obtenta
440 747 636 797 licentia,
663 761 746 790 nec
769 747 867 789 vllis
901 747 1268 801 persuasionibus
1301 746 1462 788 adduci
1494 753 1715 800 potuerat,
1751 755 1797 788 vt
1828 763 1850 791 a

233 806 368 847 domo
392 813 543 847 nostra
567 806 797 848 recederet
820 806 874 847 ad
903 814 1149 860 paternam,
1176 820 1233 848 ne
1262 806 1317 846 ad
1342 813 1516 859 tempus
1540 805 1752 859 quidem),
1778 821 1850 849 au-

233 864 439 906 ctoritate
464 864 688 919 pontificis
711 865 933 906 abductus
962 874 1046 917 est,
1072 872 1115 907 et
1146 867 1196 906 P.
1230 865 1485 918 praeposito
1515 864 1782 916 iniunctum,
1807 872 1852 907 vt

234 932 337 966 ante
361 924 528 978 pascha
551 938 653 966 eum
678 938 770 965 non
793 924 1064 966 admitteret.
1091 924 1180 966 Sed
1210 935 1255 965 11
1283 922 1515 965 Februarii
1544 936 1645 964 cum
1674 923 1852 966 domino

233 982 438 1034 Claudio,
479 982 636 1024 Ridolfi
673 990 848 1037 patruo,
891 982 1147 1037 pontificem
1187 982 1290 1035 adii,
1330 989 1373 1024 et
1406 982 1586 1023 tandem
1620 982 1852 1024 constituit

234 1041 449 1095 pontifex,
476 1048 523 1082 vt
548 1042 701 1095 paucis
724 1041 808 1083 illis
827 1042 985 1084 diebus
1004 1048 1106 1083 ante
1126 1040 1556 1095 quadragessimam,
1577 1040 1740 1093 quibus
1763 1041 1851 1084 dux

233 1102 399 1142 Romae
424 1115 663 1141 mansurus
687 1108 797 1151 erat,
824 1101 964 1142 filium
994 1100 1221 1150 retineret,
1247 1101 1325 1143 sed
1353 1099 1476 1141 illum
1506 1099 1696 1142 liberum
1726 1100 1851 1142 relin-

232 1166 389 1211 queret
413 1159 457 1200 in
481 1159 697 1210 discessu,
721 1167 767 1200 vt
791 1159 834 1200 in
858 1160 1039 1201 domum
1064 1158 1303 1202 Societatis
1326 1158 1505 1210 rediret;
1531 1166 1576 1200 et
1598 1158 1658 1199 ita
1682 1157 1726 1198 in
1749 1172 1850 1212 qua-

232 1218 487 1272 dragesima
510 1218 694 1259 domum
719 1218 993 1272 probationis
1015 1226 1082 1260 est
1105 1218 1351 1272 ingressus.

327 1289 392 1319 12.
462 1279 624 1319 Postea
650 1277 752 1331 petii
778 1277 1117 1319 renouationem
1142 1276 1365 1330 priuilegii
1384 1291 1407 1317 a
1433 1276 1574 1318 Paulo
1598 1276 1654 1317 ΙΙΙ
1672 1289 1849 1319 conces-

232 1335 282 1386 si,
306 1337 362 1378 de
386 1350 476 1376 non
500 1336 787 1390 suscipienda
814 1350 921 1378 cura
951 1334 1225 1385 monialium,
1253 1350 1342 1389 quo
1370 1335 1668 1390 derogaretur
1697 1334 1850 1378 litteris

232 1394 488 1448 apostolicis
504 1410 527 1436 a
547 1395 812 1437 monialibus
829 1395 900 1437 del
922 1395 1111 1449 Roglion
1130 1394 1403 1449 nuncupatis
1415 1393 1678 1444 Panormi,a
1700 1393 1778 1435 Pio
1792 1394 1849 1437 IV

231 1454 442 1503 obtentis,
470 1454 695 1496 Societate
718 1469 806 1495 non
829 1454 979 1504 citata;
1007 1461 1050 1496 et
1073 1453 1311 1495 affirmauit
1338 1453 1538 1508 pontifex
1567 1452 1650 1493 sibi
1674 1453 1850 1506 placere

233 1514 317 1553 hoc
351 1512 632 1567 priuilegium
664 1512 915 1564 Societatis,
948 1520 991 1555 et
1021 1527 1068 1554 se
1101 1512 1144 1553 id
1177 1512 1561 1563 confirmaturum,
1593 1511 1849 1565 derogando

233 1571 593 1624 quibuscumque
627 1572 784 1615 litteris
819 1578 974 1613 contra
1007 1571 1051 1612 id
1085 1571 1345 1625 impetratis.
1375 1573 1537 1613 Postea
1569 1570 1848 1624 supplicatio-

233 1644 332 1670 nem
359 1630 574 1685 signauit.

327 1701 391 1742 13.
463 1690 595 1730 Petiit
616 1689 748 1731 etiam
775 1688 947 1743 aliquos
974 1703 1029 1731 ex
1054 1689 1295 1738 Societate,
1322 1689 1395 1741 qui
1426 1688 1656 1730 visitarent
1686 1688 1847 1742 praela-

233 1755 300 1788 tos
323 1755 366 1790 et
389 1748 557 1790 clerum
580 1748 850 1790 Germaniae
879 1756 1068 1803 secreto,
1096 1756 1139 1789 et
1168 1760 1195 1800 4
1226 1747 1522 1802 prouinciales
1552 1763 1576 1788 a
1612 1749 1740 1788 Patre
1771 1761 1846 1789 noa

231 1814 322 1847 stro
345 1807 558 1847 nominati
583 1808 637 1848 ad
660 1808 703 1848 id
727 1821 855 1861 opus,
882 1807 937 1848 ab
962 1822 1015 1849 eo
1039 1806 1271 1861 approbati
1295 1814 1416 1856 sunt,
1444 1815 1487 1848 et
1520 1806 1564 1847 id
1588 1805 1766 1860 negocii
1790 1805 1850 1847 eis

231 1865 551 1907 demandatum
576 1873 658 1908 est.

326 1936 390 1976 14.
458 1924 818 1979 Quadragesima
840 1932 1098 1979 oppetente,
1119 1938 1322 1965 summus
1347 1923 1544 1977 pontifex
1569 1938 1592 1965 a
1618 1925 1753 1965 Patre
1775 1937 1846 1976 ge-

234 1983 371 2024 nerali
405 1984 767 2025 concionatorem
800 1982 882 2025 sibi
923 1983 1063 2037 petiit,
1117 1983 1191 2036 qui
1231 1983 1274 2023 in
1315 1983 1416 2024 aula
1454 1981 1743 2024 Constantini
1775 1996 1850 2037 pro

231 2056 351 2083 more
375 2056 457 2083 suo
481 2043 838 2092 concionaretur,
866 2049 909 2083 et
932 2044 980 2083 P.
1006 2042 1278 2084 Benedictus
1304 2041 1515 2096 Palmius,
1538 2041 1614 2095 qui
1632 2048 1786 2082 nostro
1807 2040 1847 2082 in

230 2101 397 2154 templo
419 2108 513 2143 erat
537 2102 901 2153 concionaturus,
923 2115 947 2141 a
974 2103 1104 2142 Patre
1125 2111 1275 2141 nostro
1299 2101 1429 2141 datus
1449 2108 1531 2150 est,
1554 2100 1628 2154 qui
1649 2101 1848 2154 frequen-

232 2159 403 2200 tissimo
426 2160 647 2201 auditorio
669 2159 978 2209 cardinalium,
1005 2167 1049 2202 et
1080 2159 1328 2214 principum
1361 2159 1571 2213 virorum,
1600 2166 1722 2201 tanta
1752 2173 1847 2200 cum

231 2217 434 2260 libertate
457 2219 679 2272 simulque
701 2218 922 2269 doctrina,
949 2226 991 2261 et
1016 2218 1191 2273 spiritu,
1218 2218 1261 2259 id
1284 2232 1448 2259 munus
1472 2218 1593 2269 obiit,
1614 2225 1661 2258 vt
1684 2231 1785 2258 cum
1807 2217 1846 2258 in

230 2277 656 2330 reprehensionibus
679 2277 789 2318 nihil
814 2276 1015 2319 omisisse
1039 2277 1256 2327 videatur,
1285 2276 1564 2318 admirationi
1589 2284 1737 2318 tamen
1764 2290 1847 2317 ma-

229 2335 374 2377 ximae
405 2337 553 2387 fuerit,
579 2344 623 2378 et
647 2335 930 2391 gratissimus
959 2337 1088 2377 bonis
1120 2335 1328 2377 omnibus
1365 2336 1577 2378 extiterit.
1616 2337 1849 2378 Praeterea

229 2409 343 2436 vnus
365 2394 408 2435 in
434 2395 600 2449 templo
623 2395 714 2436 diui
740 2394 877 2445 Petri,
903 2394 1016 2436 alius
1039 2396 1083 2435 in
1109 2395 1272 2448 templo
1301 2394 1459 2449 Campi
1482 2394 1653 2447 Sancti,
1679 2408 1847 2449 germa-

229 2453 296 2494 nis
331 2453 563 2505 militibus,
601 2460 788 2507 quartus
826 2453 1017 2496 familiae
1054 2453 1280 2508 pontificis
1313 2453 1468 2495 eodem
1510 2461 1712 2507 tempore
1749 2459 1849 2495 sunt

231 2520 507 2554 concionati.

324 2581 389 2623 15.
456 2572 571 2613 Cum
595 2571 638 2612 in
665 2570 789 2613 festis
812 2569 1037 2612 Natalitiis
1060 2571 1143 2611 sub
1162 2571 1298 2612 finem
1318 2569 1583 2613 Decembris
1612 2570 1738 2624 1567,
1763 2571 1849 2612 duo

227 2642 281 2670 ex
305 2630 484 2680 nostris,
508 2630 678 2672 scilicet
709 2631 761 2671 P.
790 2629 1062 2672 Benedictus
1096 2629 1274 2671 Pereira
1304 2636 1347 2672 et
1379 2629 1438 2670 M.
1472 2629 1734 2671 Ludouicus
1762 2629 1848 2671 Ga-

226 2687 442 2741 gliardus,
470 2690 630 2730 latinas
653 2688 879 2730 orationes
907 2688 973 2730 vel
1002 2688 1245 2730 conciones
1275 2688 1320 2728 in
1354 2688 1524 2742 capella
1556 2688 1670 2730 sacri
1705 2686 1847 2742 palatii

225 2760 373 2788 coram
399 2748 610 2801 pontifice
642 2754 686 2790 et
715 2746 1016 2788 cardinalibus
1047 2746 1318 2800 reliquisque
1348 2746 1619 2801 primoribus
1646 2746 1751 2787 viris
1774 2747 1844 2787 ha·

225 2805 403 2847 buerint
421 2814 455 2857 x,
484 2807 643 2848 mirum
666 2806 711 2847 in
738 2806 920 2847 modum
948 2806 1230 2860 placuerunt,
1258 2813 1318 2847 2.⁵
1342 2805 1620 2860 praesertim3
1646 2813 1689 2848 et
1712 2803 1844 2846 nomi-

225 2864 363 2905 natim
387 2880 412 2906 a
434 2865 548 2907 sacri
572 2865 721 2919 palatii
745 2864 960 2919 magistro
983 2864 1168 2919 expetiti
1192 2872 1313 2916 sunt,
1339 2871 1387 2906 vt
1405 2867 1524 2920 prior
1548 2865 1593 2905 in
1617 2863 1687 2906 die
1711 2863 1847 2919 primo

297 3002 315 3017 x
365 2993 499 3028 habuit
527 3006 596 3029 ms.
