1891 3292
564 172 697 206 EPJST.
720 174 1125 219 257.—17JANUAR11
1151 178 1237 218 1570
1611 185 1678 218 445

482 423 846 461 POLANCUS
884 426 1338 464 MERCURIANO

602 540 774 565 CATANA
799 539 839 574 17
860 541 1054 574 JANUARH
1078 534 1166 577 1576
1186 535 1211 568 ¹.

95 652 124 680 ι.
144 639 424 675 Necessitatem
446 639 694 672 demonstrat
712 638 882 682 majoris
909 640 1116 684 potestatis
1135 642 1175 674 in
1195 642 1385 675 exercitio
1403 642 1467 675 sui
1485 641 1730 675 muneris.—

160 709 194 734 2.
217 699 262 733 Id
275 698 422 744 probat
440 697 619 742 exemplo
633 698 925 742 angustiarum
955 699 1114 744 collegii
1133 701 1414 735 catanensis.-
1428 711 1458 744 3.
1482 700 1647 741 Deinde,
1670 712 1731 734 cu-

152 758 322 804 jusdam
341 756 606 796 benefactoris
624 756 688 790 cui
706 757 902 802 denegari
931 768 1006 792 non
1034 760 1168 804 potuit
1194 760 1403 805 sepultura
1422 762 1463 794 in
1485 760 1646 794 ecclesia
1666 771 1732 793 no-

160 821 353 859 stra.—4.
376 815 423 849 Se
443 815 485 848 id
503 814 672 849 scribere
693 815 892 860 religione
911 817 1176 860 compulsmm·
1202 818 1431 852 visitatione
1461 822 1590 852 autem
1606 818 1731 862 finita

160 876 234 910 sibi
251 886 330 909 esse
349 875 556 919 integrum
577 874 846 908 moderatoris
865 877 929 908 sui
950 874 1069 918 jussa
1097 879 1442 921 capessere.—5-7.
1472 877 1639 911 Reditus
1657 877 1731 911 col-

161 934 358 980 legiorum
385 933 477 967 bene
495 943 533 966 se
550 933 704 967 habere.

186 1055 222 1086 1.
289 1043 433 1098 †Jl=1s.
462 1039 497 1082 ἃ.
518 1041 659 1084 Molto
686 1041 798 1084 Rdo.
826 1040 871 1081 in
892 1040 976 1083 X.⁰
1000 1042 1143 1084 Padre
1164 1050 1334 1086 nostro.
1357 1044 1449 1085 Pax
1468 1042 1541 1086 Χ.ἰ
1567 1045 1652 1086 Per
1670 1044 1730 1084 al·

97 1129 160 1162 tre
181 1122 238 1161 ho
261 1119 419 1161 scritto
442 1132 467 1159 a
493 1119 552 1160 V.
588 1119 638 1159 Ρ.
668 1124 839 1171 quanto
863 1117 903 1159 61
935 1131 1011 1159 era
1040 1119 1293 1162 necessaria
1325 1119 1485 1162 facolta
1517 1121 1580 1162 (16
1607 1129 1731 1175 poter

95 1196 261 1239 cariear
285 1197 416 1238 alcun
442 1209 594 1247 661150,
620 1209 646 1237 0
671 1194 840 1237 alienar
865 1195 1012 1237 alcuni
1038 1196 1142 1238 beni
1166 1196 1209 1237 di
1233 1197 1368 1250 quelli
1393 1198 1482 1240 che
1512 1197 1549 1238 si
1577 1197 1731 1238 135613-

99 1289 152 1316 no
175 1273 247 1315 alli
277 1272 471 1327 collegii,
504 1288 530 1313 0
559 1271 603 1313 di
633 1272 782 1326 quello
812 1271 848 1313 si
878 1272 1081 1326 aequista
1112 1272 1154 1313 in
1187 1273 1445 1315 euidentem
1476 1273 1727 1315 Vtilitatern.

103 1352 152 1393 Et
174 1365 263 1392 non
287 1351 495 1392 venendo
520 1350 730 1404 risposta‚
757 1349 797 1391 61
823 1356 1075 1390 trouarnrno
1099 1351 1182 1392 alle
1206 1350 1323 1392 volte
1343 1364 1426 1391 con
1450 1351 1563 1392 assai
1587 1359 1729 1392 traua-

97 1428 202 1484 glio,
240 1427 405 1482 perche
438 1426 677 1477 conuiene‚
720 1441 746 1467 0
785 1426 958 1480 slargar
996 1427 1037 1467 la
1074 1426 1390 1468 commissione
1435 1434 1589 1468 nostra
1628 1430 1731 1479 (eon

99 1505 284 1560 qualche
308 1504 537 1559 scrupulo)
562 1517 640 1558 per
663 1503 703 1545 13
727 1504 928 1545 clausula
953 1504 1168 1558 generale
1192 1503 1308 1546 della
1340 1503 1501 1545 facolta
1527 1516 1731 1545 11666553-

98 1582 158 1623 ria
181 1596 257 1636 per
281 1580 424 1623 nostri
448 1580 582 1631 offici,
615 1596 640 1621 0
671 1581 886 1622 manehar
916 1579 1206 1622 all'euidente
1239 1580 1396 1630 Vtilita,
1424 1588 1467 1622 et
1500 1582 1617 1621 forsa
1657 1595 1731 1622 ne·

99 1658 273 1711 6655113,
298 1659 354 1702 (16
379 1666 537 1712 questa
563 1657 808 1712 prouincia.

183 1749 222 1779 2.
292 1734 412 1779 Da'ro
435 1736 478 1777 di
503 1743 663 1790 questo
686 1750 746 1777 vn
770 1735 1008 1790 essempio.
1038 1731 1259 1778 Venendo
1282 1737 1322 1778 13
1348 1743 1471 1789 peste
1495 1736 1538 1777 in
1565 1736 1726 1779 Messi-

99 1829 166 1865 na,
193 1821 236 1857 et
255 1813 492 1857 essendoci
518 1813 867 1854 raecomandato
891 1813 947 1854 da
980 1814 1035 1855 V.
1072 1815 1120 1855 P.
1144 1820 1189 1855 et
1211 1794 1340 1855 della¹
1357 1813 1516 1854 istessa
1541 1813 1732 1863 charita,

97 1890 496 1934 ch'asseeurasimo
530 1890 679 1944 quella
709 1889 932 1945 gionentti
967 1891 1049 1932 che
1084 1890 1294 1931 studiana
1326 1888 1356 1932 11
1394 1890 1497 1932 116111
1533 1890 1651 1931 corsi
1680 1891 1735 1931 de

101 1967 380 2023 philosophia
402 1975 446 2009 et
471 1966 717 2022 theologia,
744 1967 772 2008 11
798 1968 1039 2009 hauemmo
1071 1966 1315 2009 transferiti
1340 1982 1362 2007 3
1386 1967 1591 2017 Canania,
1618 1967 1736 2008 doue

99 2060 184 2088 non
208 2046 250 2086 vi
274 2059 350 2088 era
373 2044 653 2086 habitatione
677 2057 755 2098 per
780 2043 856 2098 pii]
880 2045 967 2086 Che
992 2054 1061 2097 25,
1091 2058 1116 2084 0
1141 2056 1196 2097 30
1222 2057 1430 2098 persone,
1453 2044 1508 2085 ne
1531 2046 1586 2085 da
1612 2058 1736 2084 man-

99 2122 237 2178 giare,
259 2123 316 2164 ne
335 2122 489 2164 schole
506 2136 554 2163 se
574 2136 664 2163 non
686 2135 760 2176 per
786 2121 814 2161 11
835 2120 1109 2162 humaniste.
1134 2122 1199 2162 Fu
1221 2120 1477 2163 necessario
1498 2119 1656 2175 pigliar
1677 2122 1738 2162 31-

99 2213 212 2242 Cune
235 2213 338 2242 6356
362 2198 525 2249 vicine,
546 2198 666 2253 quali
691 2198 746 2240 ad
770 2197 878 2253 ogni
905 2198 1036 2240 modo
1056 2197 1294 2239 intrauano
1316 2197 1386 2239 nel
1412 2197 1603 2251 disegno
1622 2198 1738 2240 della

101 2276 264 2318 fabrica
287 2277 357 2318 del
383 2275 592 2331 eollegi03
614 2282 658 2318 et
684 2289 765 2329 pur
789 2290 878 2317 non
901 2275 1113 2317 hauendo
1132 2274 1305 2325 denari,
1328 2274 1363 2315 si
1388 2273 1535 2315 carico
1557 2288 1615 2315 un
1635 2287 1734 2316 Cen-

101 2367 148 2396 so
170 2368 301 2408 sopra
324 2368 412 2395 vna
435 2353 551 2394 delle
574 2366 692 2395 6356.
715 2352 836 2395 Vero
860 2353 884 2394 e
903 2354 987 2395 che
1010 2351 1045 2393 si
1071 2350 1334 2406 appertiene
1356 2351 1411 2392 ad
1434 2365 1521 2392 vno
1546 2351 1739 2393 ch'intro

101 2430 212 2472 nella
235 2429 534 2485 Compagnia.
562 2428 690 2470 Altra
713 2443 819 2470 6353
853 2444 901 2472 56
936 2428 1089 2483 pigna,
1125 2443 1200 2482 per
1231 2430 1269 2468 13
1303 2429 1434 2482 quale
1466 2429 1507 2469 la
1537 2427 1645 2469 Citta
1682 2429 1739 2468 ha

101 2506 321 2562 designati
348 2517 432 2560 500
455 2506 622 2557 ducati3
652 2520 720 2547 ma
746 2520 834 2547 non
859 2506 1125 2548 intraranno
1149 2504 1280 2546 insin'
1300 2505 1366 2545 311’
1388 2506 1585 2559 Agosto,
1612 2518 1741 2546 corne

103 2583 200 2626 dice
223 2584 295 2625 chi
322 2584 408 2625 l'ha
431 2583 487 2625 da
512 2597 667 2638 pagar.
696 2584 743 2624 In
775 2591 936 2637 questo
961 2597 1087 2624 mezo
1111 2584 1210 2624 sara
1242 2581 1500 2624 necessario
1530 2581 1692 2636 pigliar
1716 2596 1740 2622 a

105 2673 238 2703 censo
267 2667 430 2715 questa
459 2669 664 2712 summa,'
681 2674 758 2714 per
781 2660 964 2701 disfarla
989 2672 1117 2701 come
1147 2659 1411 2701 intraranno
1441 2658 1471 2699 li
1495 2658 1649 2701 denari
1673 2673 1740 2700 as-

175 2806 191 2823 a
241 2797 287 2830 In
305 2807 506 2842 margme.
530 2796 622 2831 Soli.

175 2922 183 2940 ¹
236 2922 292 2955 Ex
323 2920 564 2965 autographo
584 2919 622 2954 in
643 2920 777 2955 codice
798 2921 926 2965 Epist.
953 2920 1135 2961 Polancz',
1166 2927 1185 2952 2
1217 2918 1273 2960 ff„
1304 2931 1339 2953 n.
1379 2917 1456 2962 123,
1488 2919 1591 2964 prius
1611 2930 1734 2963 94-95.

106 2980 320 3026 Responsio
342 2978 454 3022 infra,
477 2979 595 3024 epist.
611 2979 693 3015 266.
