1891 3292
604 201 1140 252 COMMENTARroLffl—ffioo
1568 213 1637 256 667

62 300 225 343 tholico
243 301 440 352 subdite,
464 303 515 344 P.
540 303 741 355 Portillo,
755 313 801 346 vt
821 306 918 349 aliis
937 318 1178 363 praeesset,
1194 318 1262 354 est
1279 312 1559 367 designatus;
1581 322 1625 357 et
1644 323 1690 356 vt

61 359 243 415 quaevis
266 360 500 414 prouincia
518 362 842 416 Hispaniarum
868 367 982 409 duos
1006 369 1283 423 designaret,
1311 371 1583 417 iniunctum.
1617 375 1690 416 Ad

60 419 228 462 Indiam
248 426 397 462 autem
420 420 743 476 Portugalliae,
771 432 947 477 praeter
964 442 1043 469 sex
1061 428 1148 469 iam
1169 429 1210 469 in
1249 430 1529 485 Portugallia
1565 447 1688 487 para-

61 485 142 531 tos,
162 486 375 531 quattuor
393 479 468 521 alii
483 480 728 535 designati,
754 483 925 525 scilicet
950 487 1001 527 P.
1025 488 1311 542 Organtinus
1336 499 1483 532 rector
1511 491 1690 546 collegii

59 537 289 588 lauretani,
314 552 418 579 cum
443 539 494 580 P.
515 539 761 582 Francisco
779 542 1104 599 Stephanonio,
1141 553 1184 588 et
1220 549 1270 590 P.
1309 549 1570 604 Rodriguez
1603 550 1689 592 iam

58 595 235 651 collegii
258 597 314 638 de
338 597 586 651 Trigueros
609 598 653 640 in
678 601 859 642 Baetica
884 612 1044 655 rector,
1070 613 1115 647 et
1133 605 1247 647 alius
1266 615 1314 647 vt
1337 607 1380 648 in
1408 609 1689 664 Portugallia

57 654 300 710 eligeretur
319 657 538 710 scripturn
559 665 642 700 est.
666 658 714 699 In
734 659 951 703 Canarias
968 672 1117 705 autern
1139 664 1259 717 (olim
1280 667 1551 709 Fortunatas
1570 669 1690 710 insu-

58 715 134 768 las)
159 722 249 756 tres
271 715 484 757 destinati
508 723 630 767 sunt,
657 726 700 760 et
723 733 802 772 per
831 721 1013 762 modum
1046 724 1271 765 missionis
1301 726 1448 767 electo
1478 727 1690 782 episcopo

57 773 230 815 doctori
259 775 424 816 Torres
466 775 636 829 donati,
664 791 855 831 quorum
885 790 1019 834 caput
1049 791 1167 824 esset
1205 784 1253 825 P.
1290 784 1491 827 Didacus
1520 786 1686 840 Lopez,

55 832 255 887 gaditani
279 833 459 888 collegii
483 843 644 878 rector.
811 860 821 879 a

144 892 216 944 46.
281 893 526 936 Saeuiente
554 895 857 937 hereticorum
888 898 1009 940 rabie
1039 899 1083 940 in
1113 900 1323 943 inferiore
1351 903 1612 957 Germania,
1645 910 1690 946 et

55 951 294 1006 praecipue
311 952 775 1006 Antuerpiae‚doctor
794 956 1061 999 Franciscus
1077 959 1293 1002 Costerus
1312 961 1409 1002 vice
1435 962 1688 1016 prouincia-

53 1011 122 1062 lis,
142 1011 385 1063 teutonice,
406 1011 523 1052 inter
540 1012 738 1067 ipsorum
762 1015 1089 1058 haereticorum
1110 1018 1282 1068 domos,
1296 1021 1491 1074 quodam
1513 1021 1556 1061 in
1578 1028 1684 1063 tem-

41 1070 127 1125 ·plo
153 1070 430 1121 concionari,
461 1079 505 1112 et
543 1073 870 1115 cathecismum
906 1075 1068 1118 docere
1099 1078 1217 1132 cepit
1248 1093 1414 1133 magno
1443 1093 1685 1130 concursu,

54 1129 214 1184 gallice
239 1139 458 1185 pergente
492 1130 537 1171 in
567 1132 661 1173 suis
689 1133 986 1176 concionibus
1019 1136 1067 1177 P.
1108 1138 1304 1179 Roberto
1336 1138 1580 1191 Claisoni03
1608 1140 1686 1182 sed

55 1202 155 1230 eum
186 1188 247 1229 illi
278 1200 332 1230 20
361 1189 564 1244 Augusti
599 1193 764 1246 templa
797 1192 1084 1246 inuasissent‚
1120 1204 1163 1238 et
1202 1197 1486 1251 spoliassent,
1527 1199 1687 1240 cedere

56 1247 253 1302 oportuit
276 1248 432 1300 furori;
459 1249 626 1293 ibidem
653 1255 801 1294 tamen
826 1253 990 1295 mansit
1022 1255 1072 1297 P.
1101 1255 1343 1307 Robertus,
1369 1264 1413 1298 et
1437 1258 1688 1300 catholicos

57 1321 143 1348 non
168 1307 382 1349 deseruit.

142 1377 215 1419 47.
283 1368 477 1410 Tornaci
514 1370 671 1411 eodem
712 1370 805 1413 fere
844 1380 1046 1426 ternpore
1078 1374 1264 1415 heretici
1298 1375 1610 1428 obtinuerunt,
1645 1382 1690 1417 vt

57 1426 107 1468 P.
135 1426 325 1467 Iacobus
349 1428 569 1482 Doegius,
597 1430 673 1482 qui
697 1429 740 1471 in
766 1444 943 1472 summo
968 1433 1134 1486 templo
1164 1434 1537 1485 concionabatur,
1570 1442 1613 1477 et
1642 1434 1686 1476 in

0 1489 1 1503 ³
55 1486 236 1528 hereses
259 1486 407 1527 acrius
430 1487 747 1539 inuehebatur,
774 1498 817 1530 et
842 1491 1030 1532 technas
1058 1506 1213 1533 eorum
1251 1493 1497 1548 aperiebat,
1534 1508 1558 1535 a
1582 1507 1689 1534 con-

0 1589 1 1595 ,
55 1544 183 1587 cione
211 1544 475 1598 abstineret3
511 1548 731 1589 successit
749 1549 790 1591 ei
810 1551 944 1592 Pater
965 1551 1297 1593 Maximilianus
1315 1553 1499 1607 Capella
1522 1560 1686 1605 rector,

54 1602 169 1645 idem
193 1618 299 1646 vero
321 1604 513 1647 Iacobus
536 1607 710 1649 Insulas
754 1623 802 1651 se
845 1610 1053 1662 contulit,
1085 1611 1156 1651 vbi
1188 1611 1230 1651 in
1268 1626 1395 1653 suma
1434 1611 1689 1665 frequentia

54 1662 365 1715 concionatus,
392 1665 624 1708 ciuitatem
649 1666 694 1708 in
719 1667 954 1722 relligione
971 1670 1192 1711 catholica
1211 1670 1436 1712 continuit
1454 1678 1498 1713 et
1523 1671 1686 1713 hereti-

52 1735 126 1763 cos
174 1723 344 1765 multos
376 1725 432 1765 ad
465 1739 563 1766 eam
598 1726 791 1768 reduxit.
831 1727 1011 1769 Interim
1048 1729 1253 1781 heretici,
1287 1730 1431 1784 primo
1472 1731 1687 1784 templum

48 1781 225 1836 collegii
270 1783 414 1824 nostri
446 1786 728 1828 tornacensis
758 1787 1025 1841 spoliarunt,
1059 1788 1222 1831 deinde
1256 1790 1498 1844 collegium
1541 1790 1687 1843 ipsum

49 1841 255 1895 sequenti
278 1842 349 1884 die
373 1842 655 1896 inuaserunt,
680 1853 724 1887 et
747 1847 1071 1900 supellectilem
1114 1850 1198 1889 sub
1234 1850 1362 1890 hasta
1392 1848 1527 1890 vendi
1556 1863 1687 1890 cura-

49 1908 169 1951 runt,
223 1908 268 1943 et
296 1902 476 1944 itatam
508 1912 765 1946 nostrorum
795 1920 930 1960 quarn
961 1907 1276 1949 conuictorum
1307 1908 1549 1963 collegium
1583 1908 1686 1950 disi—

49 1967 202 2014 patum
228 1968 312 2003 est.

135 2019 210 2072 48.
275 2021 541 2064 Leodiensis
574 2022 816 2077 episcopus
849 2026 934 2066 sub
967 2025 1144 2067 initium
1180 2026 1461 2080 Septembris
1495 2033 1687 2069 euocato

48 2076 434 2133 vice-prouinciali
457 2081 648 2124 Costero
671 2083 789 2125 serio
811 2084 906 2139 egit
929 2085 986 2128 de
1007 2085 1201 2140 collegio
1225 2086 1285 2127 ibi
1316 2086 1615 2139 instituendo,
1643 2094 1687 2129 et

47 2137 226 2192 scripsit
250 2139 302 2182 P.
329 2141 546 2195 generali,
574 2142 649 2196 qui
674 2157 767 2184 rem
792 2150 930 2185 totam
957 2145 1007 2187 P.
1036 2145 1185 2187 Natali
1209 2146 1447 2187 commisit.

133 2211 205 2252 49.
274 2199 445 2241 Eodem
485 2201 578 2243 fere
618 2208 820 2256 tempore
859 2217 961 2245 cum
1003 2204 1294 2246 Olomucium
1334 2219 1381 2247 se
1419 2204 1687 2246 contulisset

48 2255 102 2297 P.
136 2257 326 2309 Natalls,
354 2267 398 2301 et
420 2259 621 2315 episcopi
645 2262 935 2304 deuotionem
962 2277 1014 2304 ac
1037 2265 1201 2314 zelum,
1234 2271 1279 2307 et
1309 2265 1472 2305 summi
1504 2263 1685 2318 pontifi-

46 2313 109 2356 cis
132 2318 595 2370 commendationem,
622 2330 667 2362 et
692 2321 851 2364 messis
872 2323 1124 2364 vberrimae
1152 2323 1491 2377 dispositionem
1538 2330 1581 2364 et
1605 2322 1686 2363 ini-

0 2392 1 2398 *
45 2372 153 2415 tium
179 2376 366 2429 videret,
393 2377 661 2434 principium
688 2381 883 2435 collegio
906 2382 1045 2434 dedit,
1070 2382 1255 2424 retentis
1274 2382 1326 2424 iis
1346 2382 1422 2436 qui
1444 2381 1567 2437 prius
1596 2380 1681 2422 ibi-

43 2432 142 2476 dem
167 2444 310 2487 erant,
337 2444 382 2478 et
404 2437 542 2479 misso
567 2439 710 2481 Viena
736 2441 786 2482 P.
810 2441 1022 2483 Hurtado
1041 2450 1215 2484 rectore
1234 2444 1356 2494 (narn
1376 2442 1473 2483 eius
1494 2442 1590 2481 loco
1609 2441 1684 2481 do-

39 2498 135 2534 ctor
173 2495 336 2537 Petrus
369 2498 608 2552 hungarus
649 2499 906 2553 Tyrnauiae
939 2509 1086 2543 rector
1124 2501 1271 2543 fuerat
1309 2500 1604 2552 constitutus>
1642 2506 1686 2540 et

46 2552 193 2607 Praga
217 2554 398 2597 duobus
426 2557 827 2601 concionatoribus
850 2573 902 2601 ac
926 2560 1070 2601 tribus
1098 2560 1482 2614 praeceptoribus,
1511 2566 1687 2613 praeter

45 2623 120 2652 eos
143 2612 218 2666 qui
243 2614 464 2657 Olomutii
488 2615 574 2658 iarn
599 2617 839 2670 docebant3
867 2626 912 2662 et
930 2633 1038 2661 cura
1055 2620 1187 2662 etiam
1207 2619 1434 2662 seminarii
1454 2619 1508 2660 ab
1527 2619 1684 2661 eodem

45 2679 252 2727 suscepta
276 2681 359 2716 est.

132 2740 201 2783 50.
269 2733 431 2775 Nouus
455 2734 746 2789 prouincialis
765 2736 975 2779 Austriae
996 2738 1100 2790 (sub
1120 2752 1206 2791 qua
1231 2737 1449 2787 Morauia‚
1479 2736 1680 2786 Boemia,

43 2784 229 2832 Polonia
253 2799 298 2834 et
328 2793 490 2835 Prusia
524 2793 858 2850 intelliguntur)
891 2798 942 2839 P.
976 2796 1249 2839 Laurentius
1279 2797 1460 2850 Magius
1491 2797 1526 2848 ⁰,
1561 2795 1683 2850 prius

43 2846 269 2892 vienensis
293 2859 455 2905 rector,
483 2862 680 2904 creatuS‚
710 2857 760 2896 P.
787 2869 891 2897 vero
916 2855 1185 2897 Franciscus
1209 2855 1458 2907 Sunierius,
1480 2855 1556 2909 qui
1580 2854 1681 2896 visi-

43 2911 154 2948 tator
186 2918 282 2952 erat
315 2911 615 2967 collegiorum
650 2914 1000 2969 Bra‘unspergae
1029 2923 1072 2957 et
1104 2914 1360 2968 Pultouiae,
1396 2915 1680 2969 superinten-

112 3047 128 3064 0
179 3039 329 3075 Madius
347 3054 418 3078 ms,
