1999 3338
276 263 315 296 16
763 256 945 290 PQLANOE
972 261 1288 289 COMPLEMENTA

222 361 293 402 dal
317 374 405 400 non
430 359 611 401 uolerne
634 356 806 397 riceuer
836 353 926 409 piu,
954 352 1192 408 percioche
1225 351 1262 393 51
1292 350 1362 393 dei
1396 347 1648 392 mantenuti
1679 347 1750 389 dal
1773 361 1842 389 se-

225 434 424 485 minario,
450 447 574 475 corne
597 432 639 473 di
663 430 797 485 quelli
816 430 901 471 che
919 442 1097 484 pagano
1119 428 1159 471 le
1177 441 1257 469 sue
1276 439 1421 481 spese,
1441 425 1471 466 il
1489 438 1676 467 numero
1693 422 1839 465 sareb-

225 513 278 552 be
302 511 436 552 molto
459 508 692 563 maggiore
714 521 762 549 se
786 520 874 548 non
898 519 946 548 se
968 504 1207 546 chiudesse
1230 503 1270 544 la
1295 510 1434 557 porta.
1468 502 1590 544 Sono
1613 499 1657 541 in
1682 506 1842 554 questo

223 586 458 629 seminario
486 583 607 626 molti
640 582 778 625 buoni
806 580 1010 636 ingegni,
1043 587 1086 622 et
1116 581 1253 621 fanno
1277 578 1458 633 profitto
1495 575 1694 618 notabile
1725 574 1842 617 nella

221 662 415 704 dottrina
445 675 529 703 con
558 660 599 702 la
628 660 777 700 buona
805 672 914 700 cura
943 658 1027 699 che
1056 655 1100 697 in
1130 655 1201 697 cio
1229 654 1266 697 si
1295 653 1437 707 tiene,
1462 652 1500 695 si
1532 653 1647 694 nelle
1677 648 1838 693 facolta

222 737 434 793 soperiori
457 750 581 778 come
606 735 719 777 nelle
741 733 954 787 inferiori,
989 739 1033 774 et
1061 746 1140 787 per
1167 731 1196 772 li
1220 730 1338 772 modi
1367 731 1450 772 che
1479 730 1659 770 s’usano
1692 726 1735 769 di
1765 727 1841 768 ho-

223 828 382 856 norare
404 820 448 854 et
472 812 686 867 premiare
709 810 781 852 chi
804 824 976 852 auanza
999 808 1061 864 gli
1085 808 1183 850 altri
1207 807 1323 850 delle
1341 820 1421 848 sue
1437 805 1569 847 classi
1592 803 1636 845 in
1654 803 1842 857 diligen-

222 905 271 946 za
293 896 336 931 et
358 888 624 932 eruditione.
653 886 778 930 Molti
804 901 859 928 ue
883 901 939 929 ne
962 899 1072 927 sono
1095 898 1260 926 ancora
1282 883 1326 924 di
1348 883 1500 924 buono
1522 880 1692 936 spirito,
1716 887 1761 923 et
1783 879 1843 921 al-

221 965 325 1007 cuni
348 965 589 1008 desiderosi
614 964 655 1005 di
680 962 834 1006 seruir’
861 978 885 1004 a
910 962 997 1004 Dio
1021 968 1175 1003 nostro
1193 959 1376 1015 signore
1398 974 1455 1002 ne
1474 959 1514 1000 la
1533 964 1686 999 nostra
1710 956 1843 999 Com-

222 1041 399 1097 pagnia,
426 1041 598 1083 benche
621 1041 688 1082 sin
717 1041 791 1094 qui
816 1054 904 1081 non
929 1054 977 1082 se
1006 1039 1078 1081 n'e
1102 1044 1323 1081 accettato
1347 1035 1556 1087 nissum,
1588 1033 1842 1077 desideran-

221 1117 316 1160 dosi
341 1118 579 1160 realmente
602 1118 684 1158 che
709 1117 910 1159 riescano
932 1115 1080 1156 idonei
1104 1129 1182 1169 per
1205 1113 1235 1154 il
1258 1113 1346 1154 fine
1369 1128 1394 1155 a
1417 1113 1504 1154 che
1528 1110 1652 1165 quiui
1675 1124 1723 1152 se
1740 1109 1845 1153 alle-

226 1208 357 1248 uano,
380 1194 422 1235 di
440 1194 608 1236 seruire
626 1207 711 1234 con
729 1193 924 1247 esempio
942 1200 985 1235 et
1004 1205 1090 1233 con
1107 1190 1216 1246 ogni
1236 1188 1485 1231 ministerio
1504 1203 1528 1230 a
1547 1194 1676 1230 santa
1693 1186 1845 1229 chiesa

225 1271 295 1311 nel
319 1284 555 1311 commune
574 1277 694 1310 stato
717 1268 1035 1312 ecclesiastico

312 1357 382 1399 55.
449 1348 515 1387 De
547 1347 587 1387 la
609 1359 712 1387 casa
745 1345 811 1388 de'
843 1344 1155 1388 catechumeni
1192 1359 1251 1385 un
1277 1344 1420 1385 Padre
1454 1342 1525 1385 de'
1562 1340 1748 1383 nostrie
1771 1354 1843 1381 su-

226 1422 580 1478 perintendente,
606 1422 634 1463 il
658 1422 788 1475 quale
812 1421 970 1464 risiede
1003 1435 1058 1463 ne
1088 1421 1128 1462 la
1151 1427 1302 1462 nostra
1325 1433 1427 1461 casa
1452 1418 1670 1473 professa,
1699 1418 1783 1460 che
1819 1431 1844 1458 a

223 1499 368 1552 quella
391 1499 414 1539 e
440 1497 600 1547 uicina,
626 1505 668 1538 et
692 1498 748 1539 ha
773 1498 886 1539 bene
912 1512 937 1539 a
960 1498 1044 1540 che
1067 1497 1315 1546 attendere;
1342 1496 1454 1537 oltre
1476 1495 1546 1536 del
1570 1494 1718 1548 quale,
1745 1492 1842 1534 altri

222 1574 257 1615 si
282 1575 503 1616 mandano
525 1588 549 1615 a
572 1573 802 1628 predicare
825 1587 880 1614 ne
900 1573 939 1615 la
963 1573 1112 1615 chiesa
1137 1574 1246 1623 loro,
1272 1579 1316 1615 et
1339 1570 1564 1626 insegnar'
1585 1571 1625 1612 la
1648 1569 1844 1611 dottrina

222 1650 462 1702 christiana
486 1664 510 1691 a
533 1649 635 1704 quei
658 1651 740 1691 che
766 1649 808 1691 ui
832 1657 1010 1699 stanno,
1038 1658 1080 1692 et
1111 1649 1165 1691 ad
1188 1649 1286 1690 altri
1312 1648 1513 1703 neophiti
1539 1646 1668 1688 usciti
1694 1645 1767 1701 gia
1788 1646 1845 1687 de

225 1727 264 1768 la
288 1739 406 1776 casa,
435 1740 503 1767 ma
526 1727 609 1768 che
634 1727 825 1768 tuttauia
846 1726 886 1767 la
911 1727 1224 1779 frequentano;
1251 1735 1295 1768 et
1317 1740 1342 1766 a
1367 1724 1501 1778 quelli
1524 1724 1567 1765 di
1591 1723 1666 1778 piu
1690 1724 1775 1766 che
1798 1722 1844 1765 ui

224 1802 259 1843 si
281 1802 521 1844 ritrouano.
548 1803 749 1845 Saranno
777 1802 821 1843 in
853 1803 998 1856 quella
1021 1816 1123 1843 casa
1146 1817 1222 1856 per
1246 1800 1505 1842 l'ordinario
1529 1800 1640 1842 sin’a
1665 1812 1721 1853 24
1746 1815 1840 1855 per>

224 1893 330 1920 sone
356 1880 505 1928 ferme,
535 1888 598 1920 tra
622 1878 632 1918 i
658 1879 892 1920 battezzati
917 1880 998 1920 che
1024 1893 1109 1919 non
1129 1892 1240 1920 sono
1259 1879 1302 1919 in
1322 1880 1392 1920 eta
1415 1878 1457 1920 di
1485 1877 1621 1919 uiuer'
1640 1877 1695 1919 da
1719 1892 1767 1920 se
1785 1878 1844 1933 (et

226 1955 375 1996 hanno
398 1954 426 1995 il
449 1969 530 1996 suo
555 1962 745 1996 maestro
769 1957 853 1997 che
876 1955 1145 2009 gl’insegna,
1181 1963 1303 2009 parte
1333 1970 1356 1996 a
1385 1954 1552 2009 legger'
1581 1968 1606 1996 e
1629 1953 1842 2004 scriuere,

226 2038 347 2085 parte
371 2031 678 2085 grammatica)
701 2046 725 2073 e
749 2031 883 2085 quelli
907 2033 989 2073 che
1008 2031 1066 2085 gli
1103 2046 1367 2085 gouernano
1391 2047 1415 2073 e
1438 2045 1632 2074 seruono
1652 2031 1697 2071 in
1722 2044 1840 2072 casa.

225 2108 452 2161 Appresso
475 2106 517 2148 ui
541 2108 574 2148 si
601 2106 810 2149 riceuono
833 2107 927 2149 altri
955 2108 1283 2157 catechumeni,
1310 2122 1333 2149 e
1359 2108 1401 2149 ui
1428 2116 1589 2149 stanno
1613 2107 1694 2148 sin’
1721 2114 1846 2148 tanto

223 2184 304 2224 che
322 2182 445 2225 sieno
465 2184 549 2225 ben
568 2183 767 2224 instrutti
789 2198 864 2237 per
883 2198 1030 2226 essere
1049 2184 1304 2235 battezzati;
1327 2200 1350 2227 e
1370 2198 1562 2226 saranno
1581 2184 1684 2225 stati
1704 2184 1845 2237 quest'

224 2272 339 2298 anno
370 2271 433 2313 19,
461 2273 485 2299 0
507 2271 576 2309 2o;
599 2272 622 2299 e
641 2261 976 2322 quest'assunto
995 2260 1065 2301 del
1085 2260 1366 2302 catechizare
1385 2260 1565 2301 l’hanno
1585 2274 1694 2314 pure
1714 2260 1724 2300 i
1745 2274 1843 2301 nos-

226 2334 293 2376 tri.
321 2334 369 2376 Si
391 2349 470 2376 son
493 2336 595 2375 date
619 2335 657 2377 le
681 2349 757 2377 sue
784 2337 934 2389 10ξοΙο
958 2352 981 2377 e
1007 2336 1138 2377 inodo
1161 2335 1204 2376 di
1230 2337 1487 2390 procedere,
1525 2344 1568 2379 et
1602 2336 1843 2378 ordinatasi

221 2423 244 2450 e
270 2410 518 2463 migliorata
544 2412 679 2452 molto
703 2419 859 2465 questa
883 2426 983 2453 casa
1009 2426 1063 2452 ne
1096 2413 1138 2453 lo
1162 2412 1391 2466 spirituale
1425 2428 1449 2455 e
1482 2413 1554 2455 nel
1580 2413 1838 2467 temporale:

225 2485 309 2527 Dio
329 2487 490 2528 lodatO.

312 2562 381 2613 56.
448 2563 575 2605 Oltre
599 2571 765 2616 quanto
789 2564 824 2605 si
856 2565 896 2605 fa
920 2565 961 2605 in
994 2573 1150 2619 queste
1174 2565 1237 2606 sei
1269 2579 1372 2607 case
1396 2565 1440 2606 di
1467 2567 1626 2618 Roma,
1663 2566 1699 2607 si
1734 2581 1845 2608 sono

223 2637 353 2678 etiam
379 2638 468 2679 dati
492 2641 753 2692 quest⁷anno
778 2641 1049 2694 predicatori
1070 2656 1147 2695 per
1171 2641 1398 2683 l'auuento
1416 2655 1440 2682 e
1470 2642 1737 2695 quaresima,
1759 2642 1842 2697 pri-

224 2727 291 2754 ma
317 2728 391 2766 per
420 2715 509 2756 San
541 2716 743 2757 Lorenzo
774 2717 817 2757 in
852 2719 1065 2768 Damaso,
1101 2717 1198 2760 ch⁷e
1232 2719 1303 2758 un'
1339 2717 1566 2772 principal'
1598 2718 1769 2773 pulpito
1801 2719 1843 2760 di

226 2796 380 2840 questa
404 2790 524 2840 cittssi,
552 2798 594 2833 et
619 2793 762 2833 hebbe
786 2806 1003 2834 concorso
1027 2795 1165 2835 molto
1192 2794 1385 2836 notabile
1403 2794 1447 2836 di
1470 2803 1608 2848 gente
1626 2795 1846 2850 principa-

225 2864 264 2905 10
287 2864 328 2904 (11
353 2873 508 2917 questa
531 2874 667 2921 corte,
693 2882 819 2910 come
838 2869 1065 2920 cardinali,
1089 2870 1404 2912 ambasciatori
1423 2885 1447 2913 e
1465 2871 1649 2913 vescoui
1673 2879 1717 2914 et
1736 2873 1845 2914 altre

226 2954 412 2993 persone
436 2942 478 2982 di
503 2942 683 2995 qualita‚
713 2944 764 2985 ne
790 2959 873 2986 con
904 2946 1076 2987 minore
1106 2946 1418 2989 sodisfattione
1441 2954 1485 2987 et
1516 2948 1660 3001 (come
1683 2947 1720 2988 si
1742 2962 1842 3002 spe-

226 3016 283 3068 ra)
311 3016 444 3057 frutto
469 3018 523 3059 de
553 3019 612 3071 gli
643 3020 892 3062 ascoltanti.
935 3021 1012 3062 Poi
1048 3036 1125 3076 per
1155 3022 1196 3063 la
1228 3023 1377 3064 chiesa
1406 3022 1448 3063 di
1481 3023 1571 3065 San
1605 3023 1757 3066 Pietro
1788 3024 1845 3065 ad
