1891 3292
545 186 682 219 EPIST.
703 184 884 219 zoa—18
913 184 1144 217 FEBRUARH
1173 180 1261 225 1573
1597 177 1664 212 203

81 302 124 337 et
148 290 362 345 religione
379 286 618 340 catholica,
640 285 760 328 haud
778 284 915 326 dubie
934 283 1164 336 proniores
1182 297 1230 324 se
1249 295 1430 336 quoque
1453 281 1508 323 ad
1533 279 1712 334 religio-

85 383 182 414 nem
206 365 470 409 catholicam
500 362 890 418 promptioresque
920 361 1202 414 praeberent.
1239 359 1410 400 Volunt
1437 356 1589 412 magni
1617 356 1713 399 fieri

85 444 297 503 germani,
323 442 581 494 debentque
603 454 704 483 meo
728 437 894 480 iudicio
918 436 1090 478 moueri
1117 444 1248 490 prout
1272 436 1461 478 mobiles
1484 442 1606 477 sunt.

169 522 294 564 Haec
312 520 366 560 de
388 525 525 567 statu,
558 532 636 571 spe
666 513 1020 563 instaurationis,
1049 513 1271 566 modoque
1300 512 1502 563 iuuandi,
1529 525 1711 553 conser-

88 597 217 642 uandi
239 603 374 650 atque
398 593 597 649 augendi
629 592 895 647 religionem
919 589 1184 632 catholicam
1211 590 1332 644 apud
1363 602 1605 643 germanos
1635 602 1713 630 no-

84 676 140 718 lui
163 676 214 717 R.
246 674 299 715 T.
333 674 486 722 latere-3
519 670 648 712 cuius
683 668 894 724 precibus
924 677 966 710 et
998 666 1229 708 sacrificiis
1261 668 1376 707 hanc
1410 665 1638 707 nationem
1670 671 1714 708 et

85 751 314 809 praecipue
337 748 616 804 prouinciam
641 745 787 788 Rheni
811 744 1095 787 commendo.
1124 745 1291 785 Datum
1325 743 1590 797 Moguntiae
1614 742 1715 783 VIII

85 827 309 879 Februarii
334 841 452 868 anno
482 836 608 878 1573.

170 908 220 948 R.
251 906 298 948 P.
325 905 380 946 V.
409 903 529 944 filius
552 903 597 943 in
623 902 787 955 Chr0.‚

858 978 1166 1018 HERMANNUS
1191 975 1471 1017 THYRAEUS.

166 1059 422 1112 Inscriptio.
451 1058 480 1113 †
506 1057 618 1098 Rdo.
647 1055 690 1096 in
716 1054 899 1098 Christo
927 1052 1043 1095 Patri
1063 1037 1228 1108 Joliani
1256 1052 1471 1102 Polanco,
1507 1051 1712 1094 Societa-

85 1138 138 1179 tis
161 1138 254 1179 lesv
280 1134 445 1176 vicario
470 1131 723 1189 gene[rali]‚
748 1133 935 1173 Romae.

168 1212 322 1268 Sigillz·
345 1212 608 1267 vestigium.

423 1437 464 1470 P.
497 1435 792 1472 EDMUNDUS
822 1434 1092 1470 AUGERIUS
1121 1432 1372 1469 POLANCO

550 1528 745 1555 RUPELLA
776 1519 816 1553 18
844 1526 1070 1553 FEBRUARH
1098 1516 1185 1562 1573
1213 1518 1237 1551 ¹.

207 1615 239 1642 Ι.
262 1605 319 1639 De
341 1604 537 1649 Rupellae
552 1604 897 1646 obsidione.—2-5.
920 1601 1065 1647 Elogia
1080 1601 1309 1645 aliquorum
1331 1602 1585 1644 magnatum.

693 1662 773 1707 6-7.
791 1663 850 1697 De
868 1663 952 1696 suis
970 1662 1097 1697 rebus.

171 1766 205 1797 Ι.
270 1754 360 1796 Ihs,
384 1755 446 1796 M.
471 1755 522 1795 R.
548 1754 598 1796 P.
623 1755 717 1795 Pax
736 1751 944 1805 Christi„
966 1759 1054 1794 ete.
1077 1751 1252 1804 Questa
1271 1750 1370 1790 sara
1393 1762 1471 1802 per
1492 1747 1600 1789 dare
1620 1747 1715 1788 bre-

85 1846 136 1874 ue
152 1831 387 1886 raguaglio
405 1846 429 1872 a
454 1831 509 1873 V.
538 1832 588 1873 R.
618 1830 662 1872 di
686 1830 837 1884 quello
861 1830 948 1871 che
970 1828 1165 1869 succede
1188 1827 1259 1868 del
1285 1824 1374 1867 mio
1392 1832 1527 1866 canto
1546 1824 1590 1865 in
1610 1838 1717 1878 que—

81 1916 146 1950 sta
173 1908 382 1953 missione
416 1906 697 1950 dell'assedio
729 1907 846 1948 della
880 1905 1110 1959 Rochella,
1143 1904 1275 1958 quale
1307 1902 1329 1944 e
1359 1902 1447 1944 cita
1479 1901 1719 1943 fortissima

82 1993 204 2039 posta
226 2001 249 2027 a
272 1986 313 2028 la
336 1986 475 2027 bocca
499 1983 793 2035 dell’oceano,
831 1982 1133 2024 munitissima
1156 1980 1311 2035 d’ogni
1336 1994 1441 2021 cosa
1465 1978 1509 2020 di
1533 1992 1714 2034 guerra.

80 2062 295 2105 Gionseui
318 2062 550 2106 Monsieur
575 2061 588 2080 ²
614 2076 698 2103 con
728 2061 756 2102 li
778 2060 970 2116 principi
1000 2058 1226 2113 sequenti:
1253 2057 1282 2099 il
1312 2059 1427 2099 duca
1452 2071 1536 2098 suo
1566 2055 1717 2097 fratel-

81 2139 121 2181 lo
139 2138 169 2194 3,
189 2138 216 2180 il
235 2155 281 2182 re
300 2140 342 2182 di
362 2141 567 2182 Nauarra
586 2138 619 2190 ⁴,
645 2139 673 2180 il
698 2138 898 2194 principe
922 2139 977 2180 de
1001 2137 1160 2180 Conde
1179 2136 1211 2187 ⁵,
1233 2136 1261 2177 il
1286 2135 1488 2190 principe
1507 2133 1551 2175 di
1571 2135 1717 2176 Mont-

80 2216 281 2270 pensiero
299 2216 331 2271 ⁶,
354 2217 557 2272 principe
581 2218 624 2258 di
651 2216 919 2272 Longauilla
946 2214 973 2267 ⁷,
999 2215 1115 2256 duca
1140 2214 1183 2255 di
1207 2213 1351 2257 Guisa
1370 2212 1402 2263 ⁸,
1425 2213 1541 2253 duca
1560 2210 1604 2252 di
1624 2211 1717 2253 Au-

81 2294 204 2335 malla
228 2293 257 2346 ⁹,
282 2295 310 2335 il
333 2296 506 2349 grande
538 2294 683 2349 priore
707 2294 750 2335 di
782 2295 956 2335 Franza
981 2292 1031 2342 ²⁰,
1059 2291 1087 2332 il
1112 2292 1228 2333 duca
1251 2290 1296 2332 di
1325 2291 1502 2332 Neuers
1528 2288 1578 2339 ¹¹,
1605 2288 1722 2329 duca

147 2407 157 2425 ¹
207 2407 264 2440 Ex
283 2408 522 2452 autographo
542 2407 580 2440 in
599 2405 686 2441 cod.
711 2404 824 2440 Gall.
846 2405 908 2447 85,
931 2414 950 2438 2
968 2403 1026 2448 ff„
1049 2416 1113 2438 nn.
1136 2402 1194 2447 38,
1216 2402 1274 2447 39,
1297 2402 1402 2447 prius
1421 2402 1503 2444 461.

204 2466 412 2509 Henricus‚
436 2467 500 2512 qui
520 2465 662 2500 deinde
681 2465 754 2499 fuit
773 2476 840 2499 rex
861 2464 1026 2507 Galliae,
1048 2463 1167 2497 frater
1186 2462 1315 2497 Caroli
1336 2461 1401 2496 IX.

207 2525 448 2569 Franciscus‚
474 2524 554 2559 dux
572 2524 805 2569 d'Alencon.
822 2514 824 2517 V

206 2583 398 2619 Henricus
419 2583 654 2628 Borbonius‚
675 2590 812 2628 postea
831 2595 899 2617 rex
919 2582 1085 2626 Galliae,
1107 2586 1268 2628 quartus
1287 2579 1402 2625 hujus
1422 2578 1602 2613 nominis.

209 2643 401 2678 Henricus
419 2643 436 2676 I
455 2644 688 2678 Borbonius.

209 2702 426 2737 Ludovicus
445 2702 481 2736 ΙΙ
502 2702 735 2746 Borbonius,
757 2707 823 2736 aut
842 2701 940 2736 forte
960 2701 1044 2747 ejus
1062 2701 1165 2735 filius
1185 2698 1427 2734 Franciscus.

208 2762 371 2797 Eleonor
390 2762 612 2799 d'Orleans.

208 2822 399 2856 Henricus
419 2823 434 2856 Ι
453 2834 474 2856 a
496 2822 760 2866 Lotharingia.

209 2881 394 2916 Claudius
412 2881 448 2916 11
467 2894 488 2916 a
511 2882 775 2926 Lotharingia,
796 2881 860 2927 qui
880 2881 919 2915 in
938 2881 1008 2915 hac
1030 2878 1233 2913 obsidione
1253 2876 1449 2912 occubuit.

205 2940 396 2975 Henricus
414 2940 717 2986 d'Angouleme,
736 2940 839 2975 filius
859 2939 1019 2974 Henrici
1040 2938 1073 2973 11
1093 2937 1212 2982 regis.

207 2999 426 3035 Ludovicus
445 3000 646 3045 Gonzaga.
682 3025 686 3030 -

144 2465 160 2957 Ocnumesuazww
