1891 3292
506 169 644 203 EPIST.
667 168 847 211 244-—30
867 169 1085 205 OCTonffls
1110 180 1196 216 ¹575
1553 174 1620 217 393

37 272 132 322 tori,
152 278 321 324 quanto
339 269 446 310 nelli
466 268 645 311 maestri
669 276 712 311 et
732 270 970 325 sacerdoti,
999 280 1042 314 et
1061 272 1193 314 etiam
1214 274 1449 328 superiori,
1477 275 1512 316 si
1534 289 1662 329 repu-

37 359 78 392 ta
99 348 235 389 molto
258 345 562 389 conueniente
588 345 619 388 ⁴.
642 345 937 388 L’introdurr’
956 348 1089 389 etiam
1110 349 1184 403 piu
1209 350 1249 390 lo
1269 351 1424 404 spirito
1443 352 1483 392 di
1505 352 1663 393 oratio·

33 440 86 468 ne
106 432 149 467 et
172 423 534 472 mortificatione,
562 422 773 465 massime
796 422 1078 474 dell’honor’,
1101 434 1144 467 et
1170 426 1431 468 finalmente
1456 428 1483 468 il
1509 443 1642 481 proce

32 504 108 546 der
129 501 243 542 nella
266 500 614 541 conuersatione
637 499 1014 554 spiritualmente,
1043 511 1086 542 et
1112 517 1198 543 non
1231 505 1270 544 al
1296 506 1427 545 modo
1460 506 1663 547 naturale

32 586 73 623 et
93 580 307 627 humano,
333 577 358 618 e
376 576 451 630 qui
476 577 615 617 molto
639 576 909 629 necessario,
936 586 980 618 et
1003 593 1081 631 per
1106 580 1256 631 quello
1277 581 1362 621 che
1383 590 1600 634 potremo.
1628 582 1660 622 si

31 655 210 699 lasciara
233 653 421 695 l'ordine
445 654 797 696 raccomandato
822 655 863 694 al
889 655 1183 708 prouinciale,
1213 658 1387 709 remoti,
1417 659 1592 711 prefetti
1618 659 1659 699 di

30 746 127 775 cose
149 730 369 785 spirituali
393 738 436 772 et
469 730 737 780 confessori,
773 730 987 772 accioche
1022 733 1139 774 nelle
1170 734 1459 774 essortationi
1488 736 1557 776 del
1588 750 1659 777 ve—

30 806 166 861 nerdi,
194 815 237 850 et
266 807 310 848 in
341 807 449 861 ogni
479 817 735 861 opportuna
766 807 1010 848 occasione
1043 810 1289 851 attendano
1320 824 1342 850 a
1377 818 1551 863 quest03
1591 826 1658 852 ma

31 887 82 929 V.
110 886 161 928 P.
188 883 351 926 uedera
376 898 421 925 se
445 883 488 925 di
520 884 559 925 la
584 883 611 924 li
637 884 813 938 piacera
839 884 919 925 dar
952 886 1146 938 qualche
1171 886 1327 928 ordine
1360 901 1384 927 o
1410 887 1584 927 ricordo
1616 888 1656 927 in

0 1006 1 1013 χ
31 969 183 1017 questa
207 969 351 1016 parte.

119 1050 183 1090 14.
250 1039 436 1092 Quanto
464 1039 548 1079 alle
578 1052 684 1080 cose
713 1038 946 1092 temporali
983 1039 1206 1081 conuiene
1236 1040 1376 1080 molto
1406 1040 1600 1082 sdebi‘tar
1633 1041 1658 1080 li

30 1114 227 1169 collegii,
264 1122 308 1156 et
333 1129 547 1169 procurar
571 1114 607 1156 si
632 1114 913 1164 aumenfino,
941 1115 1152 1157 accioche
1182 1117 1249 1156 col
1280 1131 1465 1157 numero
1496 1116 1658 1171 meglio

30 1192 236 1235 s’osserui
274 1193 314 1233 la
354 1191 608 1246 disciplina:
651 1200 696 1234 et
733 1193 801 1232 col
834 1200 987 1245 tempo
1019 1207 1150 1246 spero
1191 1202 1352 1246 questo
1376 1193 1410 1234 si
1442 1196 1567 1247 potra
1597 1195 1659 1235 far

31 1282 151 1311 come
180 1270 238 1309 ho
262 1269 401 1311 detto.
436 1269 468 1309 Il
498 1269 697 1324 guardar
734 1270 877 1310 anche
908 1269 1075 1323 meglio
1106 1270 1146 1310 le
1175 1270 1407 1320 scritture,
1440 1280 1482 1312 et
1522 1272 1660 1311 hauer

30 1337 99 1401 piu
126 1346 314 1401 prattica
339 1346 443 1387 nelli
463 1345 603 1398 conti,
633 1346 653 1387 ὲ
680 1346 818 1386 molto
850 1346 1108 1388 necessario
1139 1346 1182 1387 in
1214 1355 1372 1399 questa
1402 1347 1654 1401 prouincia3

29 1422 186 1479 perche
211 1423 272 1464 s’e
304 1423 555 1477 proceduto
578 1423 663 1464 alla
687 1423 853 1474 buona,
881 1431 924 1464 et
949 1438 1037 1464 non
1062 1423 1099 1464 si
1140 1432 1264 1465 troua
1290 1424 1415 1477 quasi
1446 1432 1582 1465 conto
1605 1424 1659 1464 ne

30 1500 206 1554 ragione
231 1499 346 1542 delle
364 1507 540 1543 entrate
567 1508 611 1543 et
635 1500 795 1550 vscite,
818 1508 862 1542 et
886 1515 1016 1554 spero
1036 1500 1079 1541 in
1099 1509 1260 1554 questo
1278 1501 1314 1542 si
1334 1501 1460 1556 potra
1481 1516 1563 1555 pur
1583 1502 1660 1542 dar

29 1577 212 1631 qualche
244 1577 399 1619 buono
431 1585 617 1628 assetto,
653 1578 818 1631 perche
850 1578 1092 1619 habbiamo
1124 1593 1181 1619 un
1214 1579 1447 1620 sacerdote
1482 1592 1660 1632 compa-

26 1668 113 1709 gno
137 1655 207 1696 del
241 1655 383 1696 Padre
408 1654 703 1709 prouinciale,
745 1657 829 1697 che
863 1657 992 1710 potra
1031 1655 1111 1696 dar
1139 1656 1278 1696 buon*
1305 1656 1462 1698 ordine
1484 1656 1602 1697 circa
1631 1657 1656 1697 li

25 1731 155 1775 conti.
183 1732 517 1775 Prouederemo
536 1733 670 1774 etiam
695 1740 866 1786 quanto
891 1732 1186 1783 all’archiuiO,
1209 1741 1252 1775 et
1273 1748 1296 1774 a
1320 1742 1446 1774 tener
1470 1734 1509 1774 le
1534 1734 1657 1774 scrit-

25 1815 116 1850 ture
137 1809 397 1863 importanti
422 1823 550 1852 come
573 1810 813 1853 conuiene.
842 1809 1034 1853 Aiutera
1066 1811 1199 1852 etiam
1227 1810 1368 1851 molto
1392 1810 1421 1850 il
1445 1810 1579 1851 modo
1603 1811 1657 1851 de

26 1885 85 1927 far
107 1886 147 1928 le
174 1886 438 1940 prouisioni,
475 1886 688 1929 accioche
720 1888 748 1928 li
779 1888 959 1943 collegii
992 1888 1120 1929 siano
1156 1887 1323 1942 meglio
1359 1887 1510 1929 forniti
1545 1887 1658 1929 delle

25 1973 122 2003 cose
140 1962 397 2005 necessarie
421 1964 463 2003 al
487 1963 602 2005 uitto
624 1972 668 2005 et
693 1963 875 2014 uestits),
902 1972 946 2005 et
971 1978 1056 2005 con
1078 1978 1236 2004 manco
1255 1978 1400 2018 spesa.
1422 1964 1657 2005 Faremrno

25 2039 123 2092 quel
147 2041 229 2081 che
258 2047 464 2094 potretno
486 2040 620 2083 etiam
646 2041 691 2082 in
716 2050 893 2095 quest03
922 2050 965 2084 et
991 2041 1035 2082 in
1058 2055 1291 2095 presenza‚
1314 2042 1493 2094 quando
1514 2041 1656 2094 piace-

24 2116 68 2157 τὲ
87 2129 111 2156 a
134 2116 217 2158 Dio
241 2118 297 2159 N.
325 2117 372 2160 S.
394 2125 438 2159 et
457 2133 482 2159 a
506 2117 561 2160 V.
591 2119 662 2169 P„
691 2133 740 2160 se
768 2118 795 2159 li
822 2121 950 2173 potra
974 2119 1053 2160 dar
1078 2118 1393 2160 informatione
1424 2118 1494 2159 del
1523 2116 1656 2171 parti—

24 2193 136 2234 colar
157 2193 350 2248 bisogno
373 2196 456 2236 che
481 2195 519 2236 ci
545 2196 567 2237 e
591 2195 636 2237 in
669 2203 829 2249 questa
862 2196 1095 2250 prouincia
1126 2196 1170 2236 di
1201 2196 1395 2249 qualche
1419 2195 1557 2235 buon'
1587 2208 1653 2234 or-

25 2260 122 2311 dine
149 2269 194 2312 in
230 2280 387 2325 questa
420 2280 562 2326 parte,
589 2274 673 2314 che
704 2272 746 2314 io
778 2287 866 2313 non
899 2273 1054 2315 l'harei
1089 2273 1344 2315 facilmente
1374 2272 1578 2321 creduto,
1612 2280 1656 2313 et

25 2345 112 2388 cosi
130 2348 289 2391 alcune
307 2363 410 2391 cose
429 2357 589 2404 reputo
609 2350 685 2403 qui
707 2351 847 2391 molto
866 2350 1174 2402 conuenienti,
1198 2349 1316 2403 quali
1337 2363 1383 2389 se
1403 2348 1461 2388 mi
1484 2350 1655 2390 fussero

24 2427 132 2465 state
154 2433 367 2479 proposte
390 2425 435 2466 in
459 2427 616 2480 Roma,
644 2441 733 2468 non
761 2426 977 2469 l'hauerei
1003 2434 1268 2481 approuate,
1290 2439 1368 2480 per
1393 2440 1513 2467 esser
1532 2433 1655 2465 tanto

25 2497 249 2543 differente
267 2501 296 2542 il
320 2504 453 2544 modo
483 2513 528 2546 et
561 2504 728 2546 facilita
758 2504 802 2545 di
835 2504 1095 2559 prouedersi
1130 2504 1245 2546 delle
1275 2517 1377 2544 cose
1407 2501 1655 2544 necessarie

25 2574 66 2617 in
93 2578 228 2620 Roma
256 2587 300 2620 et
322 2580 434 2622 altre
457 2581 608 2622 bande
631 2582 819 2632 d'stalia,
847 2582 902 2622 da
929 2582 1078 2635 quello
1103 2581 1144 2622 di
1171 2578 1342 2623 Sicilia.

113 2664 179 2707 15.
243 2655 305 2698 Mi
328 2658 587 2700 resterebbe
610 2658 654 2699 di
678 2659 939 2713 aggiunger
965 2659 1126 2699 alcune
1151 2671 1255 2699 cose
1281 2663 1449 2710 quanto
1473 2670 1496 2696 a
1520 2655 1657 2708 quelli

25 2729 102 2771 che
124 2745 402 2787 gouernan03
430 2749 501 2775 ma
525 2735 687 2789 perche
719 2749 830 2777 sono
864 2743 981 2777 stato
1021 2735 1158 2775 molto
1193 2733 1380 2788 prolisso
1409 2733 1453 2773 in
1478 2739 1652 2786 questa,

26 2807 207 2850 un'altra
229 2810 429 2853 scriuero
457 2811 501 2853 di
525 2820 683 2866 questa
717 2812 922 2862 materia,
960 2811 1250 2852 informando
1286 2811 1342 2851 V.
1373 2809 1422 2851 P.
1449 2808 1492 2850 di
1518 2807 1654 2862 quelli

90 2971 104 2990 ⁴
151 2973 248 3009 Vide
264 2976 362 3010 infra
383 2979 498 3022 epist.
521 2977 602 3021 253.
