1891 3292
251 197 321 239 650
748 195 933 229 POLANcl
967 202 1283 228 COMPLEMENTA

209 296 518 350 neophitorum
546 297 595 336 P.
629 297 824 346 Xuarez‚
849 296 971 349 quod
994 302 1097 338 ante
1130 310 1359 350 nunquam
1393 297 1604 350 fecerant,
1634 297 1820 343 libenter

208 355 376 397 Christi
401 353 648 394 doctrinam
672 353 928 404 audierunt,
960 363 1003 395 et
1032 354 1358 397 confessionem
1389 363 1673 409 peccatorum
1703 357 1822 401 insti-

210 420 405 466 tuerunt,
439 412 527 453 imo
557 420 601 453 et
631 412 757 454 multi
787 427 942 455 eorum
972 412 1173 467 linguam
1204 414 1425 455 arabicam
1457 415 1669 469 paulatim
1700 417 1824 460 relin-

207 486 343 526 quere
366 479 598 524 ceperunt,
625 480 669 514 et
693 471 948 526 hispanicae
972 480 1255 523 assuescunt,
1281 480 1328 513 vt
1352 473 1509 515 melius
1531 473 1703 516 institui
1726 490 1822 530 pos-

206 531 309 580 sint,
336 537 379 572 et
402 529 692 571 christianam
717 530 965 572 doctrinam
991 530 1157 572 doceri.
1874 574 1876 583 ,

297 598 367 641 50
433 589 605 629 Romae
633 588 676 629 in
707 589 897 643 collegio
929 596 1098 641 nostio,
1134 591 1294 631 domus
1327 589 1604 644 probationis
1636 594 1825 645 (praeter
1874 606 1876 649 ζ

206 662 302 689 eam
328 661 441 711 quae
464 654 559 688 erat
582 647 625 687 in
651 648 952 712 professorum
978 648 1123 702 domo)
1147 647 1319 689 institui
1348 659 1475 702 cepta
1498 656 1579 701 est,
1599 657 1642 692 et
1664 647 1825 704 aliquot
1875 675 1878 688 ·

207 705 364 746 nouitii
389 705 431 745 in
457 720 508 748 ea
532 706 762 748 constituti
792 719 842 763 19
866 706 1151 758 Nouembris,
1178 707 1254 761 qui
1275 707 1504 749 biennium
1530 709 1730 750 nondum
1752 711 1827 752 ab·

208 765 456 814 soluerunt,
482 765 551 807 vel
577 765 841 819 probatione
863 766 1010 819 aliqua
1028 772 1072 808 et
1088 779 1193 807 cura
1214 765 1380 808 maiore
1402 766 1623 821 indigent,
1644 768 1723 808 sed
1739 776 1825 811 stu-

207 823 291 864 diis
315 830 463 864 tamen
488 831 667 875 vacant,
694 832 738 866 et
761 825 817 865 ab
841 825 936 866 aliis
958 824 1268 879 collegialibus
1297 825 1488 878 separati
1512 826 1685 879 degunt
1709 825 1738 867 ².

296 892 365 933 51.
432 882 547 923 Cum
574 884 627 924 D.
658 883 847 925 Ioannes
869 884 925 926 de
954 883 1155 925 Victoria
1179 892 1223 925 et
1249 885 1301 925 P.
1330 884 1530 950 Baptista
1554 884 1824 938 Carminata,

207 940 467 981 imminente
491 955 596 983 vere
618 942 760 983 alter
752 957 794 982 in
820 950 1037 984 rectorem
1062 941 1206 983 alter
1195 956 1239 982 1n
1264 943 1628 986 concionatorem
1654 944 1826 999 collegii
1874 945 1877 993 ¹,

207 998 524 1050 messanensis,
560 1000 603 1040 in
633 1000 829 1043 Siciliam
865 1001 1164 1052 mitterentur,
1201 1002 1451 1044 temeritate
1483 1002 1551 1044 vel
1585 1002 1828 1056 cupiditate
1875 999 1876 1035 ἶ

209 1060 401 1123 quadam
427 1059 644 1110 naucleri,
671 1059 714 1100 in
734 1061 872 1101 altum
891 1059 1161 1115 progressi,
1155 1060 1422 1113 grauissimo
1442 1060 1638 1126 periculo
1656 1063 1828 1104 nautra-
1874 1062 1877 1075 ¹

208 1116 270 1171 gii
293 1116 483 1171 expositi
507 1125 629 1169 sunt,
656 1119 734 1161 sed
758 1133 858 1160 cum
885 1134 998 1173 pene
1025 1095 1324 1160 obruerentur
1348 1119 1481 1160 maris
1499 1119 1702 1171 saeuitia,
1724 1120 1829 1163 fusis

206 1177 503 1226 orationibus,
530 1184 573 1219 et
597 1191 717 1231 agno
739 1177 823 1220 Dei
846 1178 888 1218 in
915 1192 1037 1219 mare
1060 1178 1211 1228 misso,
1238 1177 1569 1234 tranquill[it]as
1592 1180 1830 1222 subsecuta
1875 1188 1877 1195 '

207 1241 292 1285 est,
320 1241 364 1276 et
388 1237 640 1277 Messanam
666 1236 913 1278 incolumes
937 1244 1254 1291 peruenerunt.

297 1303 367 1345 52.
434 1294 685 1337 Cardinalis
707 1296 754 1338 S.
783 1297 964 1350 Angeli,
991 1295 1118 1337 ducis
1137 1295 1382 1349 parmensis
1401 1297 1552 1347 frater,
1574 1296 1741 1337 ordinis
1763 1295 1828 1338 sui

207 1351 271 1391 vir
297 1352 531 1406 primarius
554 1360 597 1394 et
623 1356 858 1407 praeclaris
883 1354 965 1396 Dei
989 1354 1117 1396 donis
1140 1354 1345 1409 insignis,
1367 1368 1418 1396 ac
1440 1355 1495 1397 de
1513 1354 1737 1398 Societate
1754 1369 1826 1397 no-

209 1419 301 1451 stra
325 1412 494 1465 optime
516 1413 716 1463 meritus,
745 1414 830 1454 hoc
854 1420 1053 1468 tempore
1074 1415 1261 1455 Parmae
1280 1413 1482 1465 moritur,
1504 1421 1547 1456 et
1566 1413 1743 1468 quidem
1766 1413 1825 1455 in·
1875 1417 1877 1429 *

209 1476 275 1510 ter
301 1478 554 1512 nostrorum
579 1486 754 1525 manus,
781 1487 893 1526 quos
916 1488 940 1513 a
963 1487 1010 1515 se
1033 1487 1123 1514 non
1148 1473 1343 1526 separari
1359 1472 1525 1514 vltimis
1542 1473 1701 1515 diebus
1724 1486 1827 1514 suae

210 1527 328 1570 vitae
363 1530 589 1583 cupiebat,
625 1538 669 1572 et
693 1532 754 1573 Ill.
768 1540 830 1557 ΜΞ
859 1531 1094 1573 cardinalis
1125 1531 1364 1573 Farnesius
1387 1531 1462 1572 id
1453 1546 1598 1586 ipsum
1627 1531 1824 1584 curabat3

210 1589 485 1652 praeclaram
511 1589 583 1630 ille
606 1597 810 1643 mortem,
832 1598 876 1632 et
895 1605 1086 1645 magnae
1104 1590 1426 1632 aedificationis
1444 1590 1606 1632 obiisse
1624 1590 1827 1632 omnibus

208 1645 332 1687 visus
355 1655 438 1700 est3
465 1656 507 1689 et
531 1662 632 1689 cum
659 1624 859 1690 funeb’ris
882 1650 1024 1691 oratio
1047 1649 1091 1691 in
1116 1649 1211 1690 eius
1235 1649 1434 1703 exequiis
1462 1650 1673 1692 habenda
1695 1655 1825 1700 esset,

207 1705 499 1759 magistratus
541 1722 565 1748 a
603 1708 768 1749 nostris
805 1723 902 1750 eam
945 1722 1125 1763 operam
1166 1707 1249 1749 sibi
1290 1708 1491 1763 prestari,
1528 1716 1571 1750 et
1609 1706 1828 1774 epitaphia

208 1764 427 1817 quaedam
458 1765 513 1806 ad
541 1767 629 1807 hoc
662 1766 807 1821 ipsum
847 1767 959 1821 fieri,
1002 1768 1301 1822 postularunt3
1334 1767 1453 1822 quod
1483 1775 1604 1808 tanta
1634 1766 1827 1808 omnium
1874 1767 1876 1783 ³

207 1822 514 1865 satisfactione
549 1833 781 1878 peractum
815 1833 898 1880 est,
934 1833 981 1867 vt
1013 1826 1172 1868 ciuitas
1209 1840 1325 1879 quae
1364 1826 1485 1881 prius
1524 1825 1715 1868 alienato
1753 1823 1826 1866 ali·
1874 1840 1875 1863 l

207 1883 474 1935 quantulum
498 1883 647 1925 animo
672 1885 831 1935 fuerat,
860 1899 1041 1940 prorsus
1070 1884 1234 1927 nostris
1263 1885 1499 1927 conciliata
1530 1885 1679 1935 fuerit,
1700 1891 1743 1925 et
1767 1891 1825 1938 ty·

208 1940 275 1994 pis
298 1941 403 1983 dare
427 1948 614 1996 Vtraque
637 1943 841 1986 voluerit.
1432 1966 1434 1969 ·

298 2010 369 2053 53.
436 2001 540 2042 Hoc
566 2009 782 2056 tempore,
808 2003 864 2044 ab
888 2001 1012 2046 Ill.¹nis
1034 2003 1335 2045 cardinalibus
1358 2002 1697 2057 inquisitoribus
1721 2001 1825 2042 mis·
1874 2041 1875 2047 ,

208 2071 285 2099 sus
303 2066 369 2099 est
393 2058 436 2099 in
461 2060 713 2102 Calabriam
735 2063 785 2102 P.
813 2061 1025 2103 X.⁰forus
1045 2063 1317 2116 Rodrigue2‚
1340 2061 1564 2104 Thusciae
1582 2059 1827 2116 prouincia·
1874 2103 1875 2114 γ

208 2116 276 2169 lis,
303 2118 358 2158 ad
382 2118 545 2172 oppida
567 2119 811 2171 Guardiae,
837 2128 881 2162 et
905 2122 950 2163 S.
979 2120 1109 2171 Sim,
1143 2121 1216 2162 vbi
1245 2121 1475 2174 relliquiae
1503 2119 1824 2162 haereticorum
1874 2123 1875 2132 ¹

209 2189 308 2217 esse
357 2177 504 2218 adhuc
547 2179 862 2231 credebantur;
903 2188 946 2222 et
989 2179 1033 2220 id
1075 2180 1283 2222 effectum
1322 2187 1390 2222 est
1428 2178 1756 2244 praedicatione
1788 2184 1829 2220 et
1874 2192 1875 2231 3

209 2236 431 2289 exemplo,
459 2243 502 2277 et
525 2237 801 2279 orationibus
824 2252 875 2280 ac
899 2238 1088 2303 publicis
1118 2238 1522 2293 supplicationibus
1554 2237 1827 2300 priuatisque

209 2292 458 2347 colloquiis,
485 2302 531 2336 vt
555 2309 711 2337 omnes
734 2297 789 2337 ad
812 2297 1031 2351 gremium
1056 2305 1237 2339 sanctae
1267 2297 1486 2340 ecclesiae
1519 2296 1730 2344 redirent
1758 2292 1829 2348 qui
1874 2346 1875 2351 ¹

210 2351 252 2392 in
286 2353 485 2395 haeresis
515 2355 713 2397 tenebris
742 2355 905 2397 versati
935 2363 1077 2402 erant
1111 2357 1164 2397 ad
1196 2366 1280 2409 450
1309 2355 1494 2406 scilicet,
1527 2370 1605 2409 per
1634 2354 1829 2418 singulas
1873 2389 1875 2414 3

210 2410 327 2452 enim
352 2411 509 2454 domos
532 2413 842 2467 disquisitione
867 2415 1001 2465 facta,
1023 2416 1283 2468 parentibus
1306 2415 1419 2457 filios
1442 2428 1548 2456 suos
1570 2410 1827 2455 adducenti-
1873 2418 1875 2450 ἰ

213 2468 332 2510 tibus
355 2480 399 2512 et
423 2471 478 2512 ad
502 2472 784 2515 confitendos
807 2487 980 2516 errores
1002 2474 1302 2526 hortantibus,
1328 2488 1405 2516 eos
1427 2472 1624 2515 confessi
1643 2479 1763 2523 sunt,
1787 2475 1830 2512 et
1872 2482 1875 2494 ‘

210 2528 484 2571 reconciliati
506 2531 736 2583 ecclesiae3
763 2538 807 2572 et
829 2538 874 2572 vt
905 2539 991 2573 tam
1023 2532 1068 2572 hi
1098 2547 1230 2587 quam
1261 2532 1336 2586 qui
1368 2532 1490 2587 prius
1521 2531 1744 2573 redierant
1778 2528 1829 2570 ad

209 2586 342 2629 fidem
367 2589 648 2642 catholicam,
674 2590 717 2631 in
740 2604 792 2632 ea
816 2598 1172 2644 perseuerarent,
1199 2590 1431 2633 catholicis
1461 2589 1688 2645 magistris
1711 2585 1828 2631 adhi-

210 2645 329 2699 bitis,
355 2646 488 2689 etiam
512 2655 715 2690 curatum
741 2657 825 2691 est.

303 2715 368 2757 54.
435 2707 687 2762 Collegium
720 2708 959 2759 Bellimari,
999 2723 1135 2763 prope
1167 2708 1441 2763 burgensem
1471 2707 1716 2759 ciuitatem,
1749 2706 1829 2746 hoc
1872 2725 1873 2732 κ

210 2776 328 2804 anno
359 2765 606 2807 redditibus
638 2766 952 2808 ecclesiasticis
985 2782 1009 2809 a
1042 2744 1283 2809 cardinali
1288 2774 1332 2810 et
1372 2767 1583 2821 episcopo
1616 2760 1830 2817 burgensi
1872 2775 1873 2790 ³

210 2829 391 2863 auctum
426 2832 508 2876 est;
545 2832 588 2866 et
620 2839 722 2866 cum
756 2825 799 2867 in
833 2841 886 2869 eo
918 2833 1067 2868 rector
1101 2827 1291 2868 Ioannes
1324 2827 1475 2880 LOpez
1504 2826 1683 2867 Xuarez
1705 2834 1827 2865 suam

345 2961 404 2997 Cf.
425 2975 552 3009 supra,
573 2977 608 2999 n.
637 2973 680 2998 22
699 2965 813 3010 hujus
832 2965 934 3010 anni,
955 2977 1070 3012 quem
1090 2967 1214 3001 locum
1233 2971 1365 3000 auctor
1385 2965 1479 3000 citat
1498 2965 1559 2999 hic
1579 2963 1617 2999 in
1643 2960 1826 3015 margine?
1870 2966 1872 2984 l

212 3007 279 3043 sic:
301 3010 381 3043 «De
401 3011 471 3045 hoc
490 3013 616 3056 agitur
634 3024 761 3058 supra,
783 3024 819 3047 n.
842 3020 923 3048 22».
1870 2986 1871 3057 l
