1891 3292
271 210 339 245 714
774 200 960 234 POLANCI
988 207 1305 234 COMPLEMENTA

314 314 382 354 33.
451 301 617 341 Eodem
643 307 842 354 ternpore
870 299 1046 342 Brixiae
1076 300 1240 341 artium
1265 297 1511 340 liberalium
1542 312 1701 339 cursus
1722 297 1841 340 insti·
1887 294 1891 319 ³

226 368 349 401 tutus
375 367 457 409 est;
484 366 528 400 et
556 358 729 400 Patauii
753 358 948 412 praelegi
972 359 1117 400 desiit.

314 429 383 470 34.
453 417 689 459 Mediolani
723 417 1009 459 seminarium
1048 418 1294 459 litterarum
1331 416 1649 458 humaniorum
1684 422 1750 456 est
1782 415 1840 456 in·
1887 427 1891 457 ς’

225 477 449 518 stitutum.
1877 470 1879 475 ¹

314 547 382 588 35.
451 535 496 576 In
521 534 684 588 oppido
707 535 761 575 de
784 535 962 588 Segusa
990 534 1234 576 admissum
1268 541 1336 576 est
1364 533 1622 587 collegium,
1649 540 1692 574 et
1717 532 1845 574 rebus

223 593 481 634 constitutis
514 607 614 634 cum
652 594 905 644 fundatore,
941 593 1112 646 aliquot
1150 592 1338 647 operarii
1372 593 1499 633 Iunio
1537 606 1690 633 mense
1727 590 1845 632 missi
1890 611 1891 615 ¹

224 660 342 703 sunt,
377 652 482 693 dum
516 651 768 693 aedificium
804 653 964 693 domus
998 665 1051 692 ac
1084 652 1237 705 templi
1272 650 1514 705 perficitur.
1558 660 1666 703 1500
1700 650 1845 691 ducati

224 711 332 752 certi
357 710 493 752 annui
515 710 713 752 redditus
735 719 839 751 sunt
863 726 887 752 a
914 711 1150 752 fundatore
1173 710 1299 751 initio
1317 709 1484 759 donati,
1512 723 1613 750 cum
1638 723 1716 763 spe
1739 721 1845 763 aug-

225 769 378 820 menti;
405 784 506 810 nam
530 769 645 810 duae
688 769 889 823 virgines
913 769 1008 811 eius
1032 769 1149 812 filiae
1178 778 1220 811 et
1252 769 1469 811 haeredes
1493 769 1576 809 hoc
1606 768 1751 822 ipsum
1777 780 1845 820 pe-

227 837 410 878 tierunt,
437 836 531 870 etc.

316 887 385 940 36.
454 888 499 927 In
529 886 694 940 oppido
724 886 857 928 etiam
888 887 943 928 de
977 887 1208 929 Carauaca
1242 887 1421 928 scholae
1460 887 1546 927 hac
1586 892 1755 927 aestate
1787 885 1847 927 in-

226 947 462 996 choantur;
490 953 533 987 et
572 945 776 987 aedificio
798 961 849 987 ac
874 946 1007 988 rebus
1039 945 1134 986 aliis
1165 945 1485 998 temporalibus
1509 945 1666 986 melius
1690 944 1849 985 consti-

228 1005 347 1055 tutis,
380 1016 427 1046 12
473 1004 557 1045 iam
588 1018 642 1045 ex
672 1007 838 1045 nostris
866 1019 918 1046 eo
948 1004 1069 1045 missi
1093 1005 1274 1058 collegii
1307 1005 1600 1045 fundamenta
1630 1003 1845 1045 iecerunt.

316 1074 384 1116 37.
454 1063 553 1104 Hac
575 1063 731 1105 eadem
755 1071 924 1105 aestate
949 1078 1018 1104 res
1042 1064 1307 1116 temporales
1325 1062 1503 1116 collegii
1528 1061 1728 1103 Murciae
1749 1061 1848 1103 insi-

227 1121 304 1176 gni
327 1122 587 1163 accessione
616 1130 722 1163 sunt
751 1131 926 1173 auctae;
953 1129 997 1164 et
1030 1122 1163 1163 etiam
1188 1121 1369 1176 collegii
1393 1120 1732 1169 belmontensis,
1761 1127 1850 1163 tum

227 1181 480 1222 aedilicium
507 1182 709 1234 propriae
732 1181 1036 1235 habitationis,
1065 1189 1156 1222 tum
1179 1180 1395 1230 redditus,
1417 1180 1741 1222 incrementum
1767 1194 1851 1221 non

229 1240 550 1294 poenitendum
576 1248 848 1293 acceperunt
885 1240 1001 1282 Sunt
1025 1247 1175 1281 autern
1202 1239 1245 1280 in
1265 1240 1498 1293 prouincia
1517 1239 1711 1280 toletana
1734 1250 1757 1290 4
1782 1237 1853 1279 hic

230 1299 458 1339 nominata
481 1298 686 1352 collegia.
1005 1347 1008 1350 Α

317 1357 387 1410 38.
456 1358 502 1398 In
527 1356 758 1411 prouincia
778 1356 1008 1410 Franciae,
1030 1358 1112 1397 hac
1130 1364 1301 1399 aestate
1319 1356 1560 1410 collegium
1579 1355 1851 1397 mauriacen-

229 1430 277 1458 se
299 1417 481 1458 exulare
510 1423 715 1457 coactum
746 1425 828 1467 est;
863 1430 964 1457 cum
989 1416 1107 1457 enim
1132 1415 1282 1457 infesti
1314 1415 1455 1456 hostis
1485 1414 1710 1457 exercitus
1733 1415 1850 1456 here⁴

231 1475 345 1516 ticus
368 1475 537 1528 oppido
562 1474 830 1525 immineret,
858 1490 913 1515 ne
938 1482 1118 1529 propter
1141 1489 1296 1515 eorum
1327 1474 1478 1515 odium
1509 1474 1553 1514 in
1583 1474 1851 1516 Societatem

231 1541 428 1574 nostram
472 1534 681 1588 oppidani
712 1544 1000 1585 vexarentur,
1037 1534 1287 1576 cedendum
1320 1548 1418 1575 esse
1447 1547 1601 1573 eorum
1633 1532 1769 1572 furori
1797 1530 1853 1573 vi·

231 1607 327 1634 sum
351 1600 434 1634 est.
462 1593 549 1635 Sed
575 1601 618 1633 et
649 1592 843 1634 Bilhomi
876 1593 1162 1646 trepidatum,
1195 1603 1238 1633 et
1268 1592 1416 1645 aliqua
1445 1600 1698 1632 nostrorum
1734 1596 1854 1644 parte

232 1651 290 1691 ibi
315 1659 538 1703 manente,
562 1652 618 1693 ad
643 1652 809 1692 ciuium
834 1651 1062 1705 spirituale
1080 1651 1311 1701 auxilium,
1334 1650 1491 1703 reliqui
1509 1651 1564 1691 ad
1587 1649 1671 1691 alia
1693 1663 1740 1690 se
1763 1650 1855 1689 loca

233 1710 396 1751 tutiora
441 1719 721 1764 receperunt.
750 1711 922 1752 Omnes
947 1711 1124 1751 tandem
1154 1710 1198 1750 in
1228 1718 1446 1751 autumno
1474 1710 1530 1750 ad
1560 1723 1639 1750 sua
1669 1707 1855 1762 collegia

233 1776 276 1811 et
299 1769 453 1810 solitas
476 1769 821 1811 exercitationes
845 1768 1088 1810 redierunt.
1889 1770 1891 1816 l

324 1840 393 1882 39.
460 1829 562 1869 Hoc
595 1829 687 1869 fere
719 1836 918 1881 tempore
951 1828 1157 1869 Adamus
1187 1828 1370 1869 Atlerus
1407 1826 1638 1868 tremendo
1677 1823 1760 1866 Dei
1793 1823 1855 1865 iu-
1890 1818 1891 1862 l

234 1886 509 1935 dicio„cum
548 1887 710 1927 multos
754 1900 896 1928 annos
935 1886 977 1926 in
1017 1886 1242 1929 Societate
1281 1885 1462 1927 vixisset
1502 1885 1560 1939 (et
1598 1883 1775 1937 quidem
1813 1882 1855 1923 in

236 1945 458 1998 prioribus
498 1945 796 1994 laudabiliter,
830 1945 933 1986 licet
965 1945 1242 1999 intepescere
1273 1952 1425 1999 postea
1454 1943 1615 1997 coepit)
1645 1957 1697 1984 ex
1728 1942 1856 1982 domo
1890 1952 1891 1955 ’

234 2004 546 2044 conuictorum
582 2003 889 2058 pragensium,
924 2004 994 2044 cui
1032 2005 1298 2058 praefuerat,
1333 2004 1440 2056 fuga
1465 2017 1512 2043 se
1545 2001 1782 2051 subtraxit,
1815 2006 1856 2042 et

236 2061 374 2118 [cum]
407 2063 734 2104 absolutionem
769 2069 974 2104 uotorum
1010 2063 1191 2117 petitam
1228 2077 1315 2104 non
1354 2062 1628 2115 impetraret,
1665 2058 1852 2101 catholi-

234 2135 329 2162 cam
375 2121 506 2162 etiam
545 2122 822 2175 relligionem
863 2123 990 2175 (proh
1028 2121 1189 2175 dolorl)
1228 2121 1441 2171 deseruit,
1483 2127 1527 2161 et
1564 2119 1607 2159 in
1648 2118 1855 2160 cathedra

236 2179 513 2233 pestilentiae
542 2181 723 2227 Vienae,
752 2194 918 2234 magno
942 2181 1270 2222 haereticorum
1306 2181 1458 2221 fauore
1482 2177 1737 2220 concionari
1761 2189 1856 2217 coe—

238 2238 312 2292 pit,
349 2246 393 2279 et
428 2253 607 2281 onrem
643 2239 819 2293 publice
846 2239 1057 2280 sacerdos
1090 2239 1236 2288 duxit;
1262 2240 1338 2280 sed
1366 2238 1446 2280 Dei
1477 2237 1642 2278 iustitia
1667 2236 1742 2277 diu
1768 2248 1855 2276 non

236 2297 441 2338 tolerauit
464 2298 735 2351 impietatem
767 2297 901 2338 huius
924 2298 1141 2340 infoelicis
1167 2298 1375 2348 hominis;
1402 2310 1504 2337 nam
1531 2303 1629 2350 post
1653 2301 1855 2336 contrac-

237 2362 329 2396 tum
363 2356 696 2398 matrimonium
728 2357 881 2410 paucis
916 2356 1075 2398 diebus
1106 2365 1226 2410 peste
1257 2370 1474 2411 percusus
1506 2355 1664 2396 misere
1694 2369 1718 2396 e
1748 2350 1858 2393 viuis

235 2422 445 2456 excessit.

327 2485 398 2525 40.
469 2475 517 2515 P.
547 2474 746 2528 Baptista
773 2475 1056 2525 Buoncuore,
1082 2488 1181 2515 cum
1208 2473 1415 2527 Neapoli,
1439 2471 1701 2527 plurimisin
1721 2467 1858 2523 aegri-

238 2532 391 2574 tudine
414 2542 612 2574 extrema
638 2531 942 2574 laborantibus
979 2533 1208 2583 astitisset,
1234 2540 1277 2574 et
1308 2530 1638 2573 concionatoris
1665 2543 1716 2571 ac
1747 2541 1853 2569 con-

238 2590 407 2632 fessarii
430 2590 586 2644 optimi
609 2591 765 2633 officiis
791 2594 973 2632 functus
998 2591 1170 2642 fuisset,
1202 2598 1246 2633 et
1276 2590 1427 2631 limina
1456 2589 1778 2643 apostolorum,
1811 2597 1858 2626 ac

237 2649 541 2703 praepositum
576 2657 621 2692 et
651 2650 921 2693 Societatem
953 2658 1149 2691 nostram
1181 2651 1359 2701 Romae,
1394 2656 1438 2691 et
1471 2656 1673 2689 sanctam
1708 2645 1858 2688 aedem

239 2707 420 2750 Laureti
450 2708 645 2749 inuisere
674 2716 863 2763 optaret,
896 2708 1048 2749 habita
1078 2709 1290 2749 facultate
1319 2707 1453 2758 venit,
1485 2715 1529 2749 et
1558 2706 1707 2747 statim
1736 2704 1779 2745 in
1803 2703 1857 2745 le-

238 2774 359 2807 ctum
383 2767 623 2817 concessit,
649 2775 692 2809 et
716 2767 787 2809 die
810 2766 967 2820 quinto
989 2781 1043 2808 ex
1066 2768 1150 2808 hac
1172 2767 1260 2808 vita
1284 2764 1495 2821 migrauit
1517 2764 1707 2818 sumptis
1726 2759 1858 2804 omni-

240 2826 323 2866 bus
347 2827 654 2876 sacramentis,
679 2840 781 2867 curn
809 2826 968 2867 medici
992 2825 1156 2867 nullam
1177 2825 1381 2868 inuenire
1398 2825 1482 2865 vim
1503 2823 1645 2864 morbi
1664 2825 1856 2877 possent,

240 2897 294 2925 ex
317 2897 405 2937 qua
431 2898 547 2925 mors
570 2884 609 2926 ei
634 2892 752 2927 esset
777 2884 990 2926 timenda.

327 2953 398 2994 41.
465 2943 513 2984 In
552 2943 714 2997 oppido
752 2943 808 2985 de
849 2942 1052 2986 Montilla
1086 2943 1246 2984 domus
1270 2941 1600 2990 conuictorum‚
1637 2952 1751 2992 quae
1775 2936 1856 2978 sub

239 3013 345 3041 cura
379 3008 558 3043 nostrae
592 3002 830 3045 Societatis
862 3001 1083 3055 instituta,
1120 3001 1392 3054 aliquamdiu
1424 2999 1485 3040 ibi
1515 3005 1754 3050 manserat,
1787 2994 1861 3037 sed
