1891 3292
826 676 829 680 »
859 648 888 697 3

283 783 488 821 ΜΟΝΙΤΑ
517 785 550 819 A
580 784 830 821 POLANCO
858 784 1064 821 CUIDAM
1083 785 1277 831 JUVENI
1305 788 1449 822 DATA

607 868 804 917 lNCERTl'
837 888 1078 918 TEMPORIS
1114 875 1124 895 ¹

809 1043 925 1098 jhus

138 1139 202 1181 La
226 1136 371 1191 gratia
395 1144 438 1180 et
463 1149 572 1191 pace
595 1136 650 1179 de
674 1136 758 1179 X.⁰
782 1138 839 1179 N.
866 1138 913 1180 S,
940 1136 1006 1178 sia
1029 1151 1206 1192 sempre
1234 1145 1279 1181 et
1301 1151 1453 1180 cresca
1478 1138 1674 1180 nell’ani-

48 1212 119 1241 me
147 1204 317 1239 nostre.
1025 1235 1029 1241 ,

138 1255 191 1313 [Ι]
261 1256 490 1298 M'hauete
528 1254 768 1306 ricercato,
811 1255 985 1297 fratello
1022 1254 1066 1296 in
1101 1256 1184 1297 Χ.Ο
1217 1255 1480 1297 charissimo
1520 1256 1551 1308 ²,
1593 1269 1678 1296 con

50 1317 197 1371 quella
222 1315 343 1356 bona
370 1315 558 1357 volunta
580 1315 664 1356 che
687 1314 729 1355 vi
760 1314 816 1355 da
845 1313 1032 1355 l'autore
1061 1313 1214 1369 d'ogni
1243 1315 1376 1365 bene,
1402 1315 1456 1356 de
1481 1313 1684 1356 sodisfar'

50 1376 94 1418 in
115 1375 174 1417 tal
193 1374 327 1415 modo
346 1374 386 1415 al
405 1372 561 1415 diuino
579 1380 809 1428 praecetto
826 1372 1098 1415 d’honorare
1117 1373 1179 1428 gli
1198 1373 1370 1428 parenti
1391 1372 1571 1423 terreni,
1593 1373 1680 1415 che

50 1434 186 1477 molto
212 1433 287 1489 piu
306 1432 598 1475 'sodisfaciate
621 1434 660 1474 al
685 1440 838 1474 vostro
856 1432 1008 1475 debito
1040 1446 1169 1474 verso
1201 1432 1230 1473 il
1255 1432 1400 1474 Padre
1422 1432 1604 1482 celeste;
1632 1431 1677 1472 in

50 1495 134 1537 che
152 1493 288 1535 modo
312 1491 544 1535 doueresti
569 1491 769 1546 portarui
787 1491 832 1532 in
857 1505 975 1545 casa,
997 1491 1131 1544 doue,
1153 1506 1200 1533 se
1223 1491 1309 1532 ben
1329 1498 1425 1534 sete
1442 1504 1554 1545 capo
1571 1490 1685 1532 della

51 1552 252 1608 famiglia
277 1558 446 1602 vostra,
474 1551 641 1593 hauete
664 1565 748 1606 pur
770 1551 925 1606 padre,
951 1551 991 1592 al
1015 1551 1146 1604 quale
1169 1550 1496 1600 meritamente,
1522 1563 1682 1591 secon-

51 1613 108 1655 do
132 1611 256 1654 Iddio
281 1612 338 1654 N.
365 1611 414 1654 S.
442 1610 608 1653 douete
632 1617 811 1665 portare
835 1616 1047 1664 respetto.
1069 1610 1125 1651 Et
1149 1623 1226 1664 per
1243 1609 1415 1664 parlare
1439 1608 1512 1662 piu
1530 1607 1684 1649 distin-

51 1679 123 1715 cta
146 1680 190 1715 et
215 1670 617 1721 Vniuersalmente,
640 1669 840 1712 scriuero
863 1670 1023 1711 alcune
1043 1667 1351 1723 propositioni,
1373 1681 1499 1709 come
1524 1666 1686 1721 princi-

52 1731 127 1787 pii,
154 1731 270 1772 delle
298 1728 419 1784 quali
443 1735 620 1784 potrete
644 1729 825 1772 inferire
850 1729 985 1772 molte
1007 1727 1303 1779 conclusioni3
1330 1734 1373 1770 et
1402 1727 1544 1769 anche
1569 1732 1687 1767 toca-

52 1792 100 1834 ro
123 1790 165 1832 io
191 1790 369 1840 alcune,
408 1789 693 1831 secondoche
723 1788 997 1842 comprendo
1025 1787 1174 1828 alcuni
1204 1786 1294 1828 casi
1324 1784 1575 1840 particolari
1604 1785 1686 1826 che

51 1863 381 1892 vloccorrono.

144 1908 217 1965 [II]
286 1908 316 1950 11
341 1908 486 1963 primo
525 1905 746 1962 principio
772 1905 811 1957 ὲ,
843 1907 927 1947 che
965 1912 1059 1947 sete
1077 1904 1278 1947 debitore
1302 1904 1340 1945 al
1364 1903 1501 1958 padre
1539 1909 1691 1943 vostro

53 1969 289 2020 d’honore,
315 1967 371 2009 de
394 1966 698 2010 souuentione
717 1964 1015 2021 (s’accadessi)
1033 1971 1077 2007 et
1095 1964 1150 2006 de
1170 1962 1410 2005 riuerentia
1427 1962 1485 2018 [o]
1506 1961 1691 2015 rispetto

54 2027 294 2077 exteriore,
323 2028 407 2069 che
430 2025 731 2080 corresponda
755 2023 1058 2077 all'interiore‚
1079 2037 1206 2065 come
1229 2022 1470 2071 conuiene,
1495 2020 1690 2062 secondo

54 2085 375 2141 chffnsegnara
400 2083 902 2128 kisantatfiscreuone.
956 2135 962 2140 u

143 2147 173 2188 ll
200 2145 286 2197 2.⁰‚
315 2146 401 2188 che
425 2145 486 2200 gli
511 2152 606 2187 sete
630 2143 832 2185 debitore
855 2143 910 2184 de
934 2141 1179 2184 obedienza
1203 2140 1246 2181 in
1277 2140 1437 2181 alcune
1461 2152 1566 2180 cose
1590 2141 1689 2192 (pur

53 2219 180 2248 corne
217 2204 391 2260 figliolo
419 2203 735 2259 emancipato),
768 2209 811 2244 et
842 2202 885 2243 in
915 2202 1025 2243 altre
1054 2200 1217 2242 douete
1252 2199 1315 2240 far
1344 2206 1479 2240 conto
1508 2197 1579 2238 del
1608 2210 1691 2238 suo

56 2265 305 2320 conseglio‚
336 2264 454 2306 doue
477 2264 639 2306 vedete
664 2263 751 2305 che
775 2261 861 2304 Dio
885 2260 912 2302 li
938 2261 993 2302 ha
1021 2260 1126 2301 dato
1155 2259 1284 2300 alcun
1317 2258 1484 2299 talento
1516 2257 1572 2298 de
1603 2256 1687 2297 ben

128 2424 135 2442 ¹
189 2421 245 2454 Ex
262 2419 512 2464 autographis
528 2416 794 2459 adversariis,·'
814 2427 829 2449 a
844 2413 927 2448 cod.
949 2412 1105 2458 C'ollect.
1122 2413 1168 2445 de
1185 2412 1311 2445 Instit.
1335 2411 1367 2451 I,
1384 2420 1403 2453 4
1419 2409 1477 2453 ff„
1494 2409 1563 2444 ult.
1580 2419 1687 2453 puro,

55 2481 91 2503 n.
113 2467 168 2501 111
189 2467 367 2511 signatis,
390 2473 428 2500 et
448 2468 587 2500 iterum
607 2465 666 2507 663
688 2470 800 2498 antea
823 2473 914 2496 vero
933 2459 1103 2502 234-230.
1126 2459 1262 2492 Exstat
1282 2458 1318 2491 in
1338 2457 1420 2492 cod.
1444 2457 1630 2490 Instruct.
1652 2456 1684 2495 I,

55 2515 100 2550 ff.
134 2523 258 2559 72—74,
281 2514 542 2560 apographum
572 2512 709 2546 incerti
739 2510 936 2555 temporis⁷
964 2508 1091 2541 forsan
1118 2517 1304 2540 coaevum
1330 2504 1499 2547 Polanm‘,
1520 2503 1556 2537 in
1585 2503 1690 2536 nullo

56 2563 135 2598 fere
155 2564 229 2597 nisi
250 2563 288 2597 in
309 2561 582 2606 orthographia
601 2559 801 2594 differens.
825 2558 955 2602 Quum
977 2565 1067 2588 vero
1087 2553 1365 2597 autographum
1386 2562 1459 2585 non
1487 2552 1607 2584 semel
1639 2550 1690 2582 ob

55 2621 248 2645 corrosam
271 2611 442 2643 chartam
464 2608 540 2653 legi
559 2618 633 2642 non
654 2606 790 2652 possit,
811 2605 929 2638 verba
949 2614 996 2636 ex
1016 2601 1249 2646 apographo,
1271 2599 1380 2633 uncis
1398 2598 1445 2632 de
1466 2608 1570 2631 more
1589 2608 1689 2630 com-

57 2658 258 2703 prehensa,
285 2658 524 2702 supplemus.

125 2705 138 2725 ²
190 2705 289 2751 Quis
310 2705 372 2738 hic
392 2704 522 2747 fuerit,
540 2702 714 2736 divinare
735 2711 809 2733 non
830 2699 1016 2732 valemus.
1046 2694 1281 2739 Conjieimus
1307 2698 1435 2726 tamen
1455 2703 1542 2726 eum
1571 2690 1690 2725 fuisse

56 2752 290 2787 cardinalem
305 2752 519 2785 Robertum
536 2749 583 2783 de
605 2748 811 2783 Nobilibus
829 2745 896 2787 (cf.
912 2755 1038 2788 supra,
1057 2753 1142 2787 pag.
1161 2740 1243 2784 573;
1262 2740 1397 2773 Laim'i
1411 2739 1604 2779 Admana,
1621 2738 1687 2781 IV,

60 2808 122 2843 144
144 2811 226 2846 sqq.
251 2802 359 2839 etc.):
381 2799 509 2842 agitur
527 2798 628 2831 enim
650 2796 697 2829 de
724 2794 972 2827 adolescente
998 2791 1059 2823 cui
1087 2789 1278 2822 Polancus
1297 2799 1315 2821 a
1335 2787 1507 2820 consiliis
1527 2793 1599 2828 es13
1620 2784 1690 2818 do—

57 2859 139 2882 mus
160 2859 252 2881 suae
276 2847 366 2881 licet
386 2846 487 2881 vivis
508 2845 750 2890 parentibus,
772 2842 935 2886 primate
962 2843 1094 2881 (ucapo
1118 2835 1219 2869 della
1244 2834 1468 2878 famiglia»)3
1492 2831 1691 2866 beneficiis

57 2895 334 2929 ecelesiasticis
350 2906 426 2928 non
448 2893 560 2926 modo
579 2892 746 2931 fruente,
769 2887 837 2922 sed
857 2888 921 2929 qui
941 2886 1035 2919 alios
1056 2888 1183 2928 potest
1201 2882 1358 2927 donare3
1378 2881 1425 2915 de
1445 2880 1692 2914 adolescente

55 2941 222 2988 denique
243 2941 386 2976 talibus
407 2939 581 2985 praedito
603 2937 812 2972 virtutibus
832 2946 875 2969 ac
897 2933 1065 2973 talentis,
1087 2931 1238 2976 qualem
1256 2930 1491 2972 praeclarum
1512 2927 1617 2961 illum
1634 2926 1692 2971 ju—

58 3000 192 3024 venem
214 2989 334 3024 fuisse
354 2989 511 3023 scimus.
