1891 3292
284 162 353 196 704
796 150 983 183 POLAnci
1010 158 1326 184 COMPLEMENTA

326 264 398 304 42.
465 250 688 293 Fundatio
715 249 848 292 etiam
882 250 1043 291 domus
1076 250 1348 304 probationis
1382 251 1426 293 S.
1458 250 1642 305 Angeli,
1669 251 1753 292 sub
1782 261 1855 294 au-

241 311 380 352 tumni
405 310 579 350 initium
603 308 796 350 stabilita
819 315 902 359 est;
923 316 967 350 et
991 309 1169 362 praedia
1192 323 1242 350 ac
1266 309 1424 363 reliqui
1443 310 1643 351 redditus
1660 310 1854 364 assigna-

240 370 285 423 ti,
314 379 356 412 et
381 376 639 410 contractus
662 367 855 408 confecti
877 365 931 418 dd;
957 376 1001 408 et
1030 367 1280 408 aedificatio
1309 367 1485 422 collegii
1514 368 1619 409 noui
1648 368 1856 422 impensis

238 428 445 470 ducissae
474 426 696 469 Nuceriae
738 433 883 479 cepta;
917 439 969 466 ac
1001 426 1212 480 magister
1241 426 1514 468 nouitiorum
1550 428 1610 469 M.
1639 427 1854 482 Hierony-

239 501 337 528 mus
354 486 528 528 Azailla
545 499 646 527 cum
668 485 691 526 8
715 484 896 526 nouitiis
919 497 974 525 ex
998 485 1118 527 Vrbe
1137 485 1314 535 missus,
1338 485 1469 538 priori
1487 486 1648 528 effecto
1666 493 1853 528 rectore.

326 557 398 598 43.
465 543 720 599 Septembri
744 557 896 584 mense
919 544 1213 601 constitutum
1239 543 1321 585 fuit
1340 544 1559 586 Thusculi
1584 545 1652 586 vel
1675 545 1853 588 Frasca·

241 612 325 655 tae,
353 611 400 645 vt
424 605 603 645 scholae
625 602 995 653 dissoluerentur,
1023 616 1208 655 quarum
1242 604 1413 644 fructus
1443 602 1716 657 perexiguus
1739 603 1855 647 vide·

239 664 388 715 batur;
415 670 459 704 et
484 661 836 717 prouincialibus
860 675 911 703 ea
940 660 995 702 de
1025 676 1072 703 re
1099 661 1331 712 consultis,
1363 671 1406 702 et
1437 661 1652 704 restitutis
1682 662 1856 704 redditi-

239 723 324 763 bus
347 721 508 763 annuis
532 721 586 762 oo
610 733 864 769 aureorum,
887 733 998 772 quos
1016 719 1176 761 ciuitas
1194 721 1451 762 scholarum
1470 720 1651 762 nomine
1668 720 1856 775 applica·

241 789 382 830 uerat,
410 779 570 823 remoti
593 786 699 820 sunt
721 779 824 820 inde
847 779 937 819 duo
965 786 1279 833 praeceptores
1310 794 1464 822 mense
1492 778 1698 830 Octobri;
1725 786 1769 822 et
1798 780 1856 820 lo-

239 852 320 880 cus
345 840 433 892 ille,
460 847 506 880 vt
545 838 795 879 membrum
829 843 948 879 esset
982 838 1141 879 domus
1174 838 1448 892 probationis
1484 839 1530 881 S.
1568 838 1780 879 Andreae
1816 847 1858 881 et

239 898 479 952 collegium
506 912 604 940 esse
627 896 849 938 desineret
871 903 922 946 ee,
947 903 1166 937 statutum
1190 905 1272 938 est.
1302 897 1468 939 ibidem
1500 903 1648 939 tamen
1672 897 1761 938 duo
1785 911 1854 938 sa-

239 957 443 998 cerdotes
482 957 536 997 ad
571 955 938 997 thusculanorum
969 954 1241 1009 spiritualem
1275 956 1540 1010 profectum,
1566 969 1668 997 cum
1698 955 1858 1009 aliquot

241 1015 581 1058 coadiutoribus
607 1014 817 1055 fratribus
840 1014 896 1054 ad
919 1027 989 1054 res
1013 1014 1277 1068 temporales
1295 1015 1532 1067 curandas,
1573 1021 1617 1056 et
1639 1014 1857 1068 excipien-

240 1075 321 1115 dos
344 1075 715 1116 conualescentes
734 1080 778 1114 et
801 1073 909 1114 alios
928 1072 1003 1126 qui
1027 1073 1161 1114 animi
1194 1087 1328 1115 causa
1348 1073 1573 1116 relaxandi
1596 1074 1666 1115 vel
1689 1073 1785 1114 aliis
1807 1073 1874 1116 de-

238 1133 386 1175 causis
410 1133 689 1175 Thusculurn
713 1146 762 1174 se
786 1133 1059 1181 conferrent,
1086 1132 1225 1173 relicti
1250 1142 1371 1174 sunt.

327 1205 400 1245 44.
466 1193 507 1234 A
531 1205 706 1233 summo
731 1190 941 1244 pontifice
964 1192 1181 1243 quaedam
1206 1205 1321 1245 quae
1344 1191 1399 1233 ad
1429 1204 1666 1232 commune
1691 1191 1855 1232 bonum

242 1251 539 1304 pertinebant,
571 1258 676 1292 sunt
710 1249 958 1305 impetrata,
990 1263 1104 1302 quae
1136 1264 1225 1291 non
1259 1258 1433 1305 oportet
1467 1249 1692 1305 sigillatim
1727 1248 1858 1303 expli—

236 1310 341 1352 cari.

328 1379 401 1422 45.
468 1368 633 1410 Tribus
657 1366 887 1408 mensibus
908 1369 997 1409 fere
1023 1369 1156 1409 Pater
1174 1367 1396 1421 generalis
1419 1381 1519 1408 cum
1545 1367 1637 1408 suis
1655 1368 1856 1412 assisten-

241 1428 360 1469 tibus
384 1435 428 1471 et
452 1427 551 1468 aliis
575 1425 788 1467 ministris
812 1433 936 1468 extra
960 1426 1144 1476 Vrbem,
1172 1426 1388 1468 Thusculi
1417 1433 1622 1468 versatus
1651 1426 1747 1479 fuit,
1772 1442 1857 1470 non

241 1494 390 1529 tamen
430 1486 503 1527 illa
542 1484 745 1527 absentia
787 1484 880 1526 suis
918 1485 1211 1526 incommodis
1240 1485 1433 1536 vacauit;
1460 1493 1503 1525 et
1541 1486 1596 1526 ad
1625 1485 1858 1530 sanitatem

242 1546 444 1600 pluribus
467 1559 622 1587 eorum
647 1558 800 1599 parum
825 1543 1030 1595 contulit;
1052 1544 1136 1585 sub
1155 1544 1328 1585 initium
1348 1543 1562 1587 Octobris
1584 1558 1742 1586 omnes
1765 1547 1858 1589 red-

238 1605 388 1647 ierunt
415 1606 616 1646 Romam.
1856 1639 1859 1643 .

327 1664 399 1716 46.
467 1664 581 1704 Cum
608 1677 677 1704 res
700 1661 876 1716 collegii
900 1661 1138 1702 duacensis
1161 1662 1311 1702 adhuc
1334 1662 1596 1716 penderent,
1625 1662 1728 1715 quia
1753 1678 1856 1705 non-

238 1723 343 1764 dum
369 1724 484 1764 inter
525 1722 701 1763 abatem
732 1720 1114 1774 aquicinctensem
1139 1728 1182 1761 et
1212 1720 1482 1764 Societatem
1511 1729 1787 1762 conuenerat
1808 1723 1860 1765 de

239 1780 580 1823 condicionibus
625 1780 666 1821 in
698 1780 998 1821 instrumento
1029 1780 1260 1832 ponendis,
1288 1781 1467 1820 tandem
1492 1793 1645 1821 mense
1675 1780 1860 1822 Octobri
1890 1795 1891 1812 ¹

239 1841 342 1882 data
366 1852 433 1882 est
453 1846 652 1893 potestas
676 1838 938 1893 prouinciali
959 1837 1184 1879 Inferioris
1201 1838 1473 1881 Germaniae
1492 1838 1757 1881 admittendi
1776 1840 1859 1882 col·
1890 1851 1891 1869 ³

240 1899 426 1954 legium3
452 1907 496 1940 et
519 1906 566 1938 vt
590 1905 814 1939 constaret
839 1897 968 1938 nobis
995 1897 1220 1951 exemptio
1249 1906 1418 1946 nostra,
1451 1897 1624 1939 litterae
1654 1898 1858 1952 apostoli·
1890 1926 1891 1937 t

237 1972 315 2001 cae
339 1973 363 1998 a
391 1971 568 1998 summo
598 1957 811 2011 pontifice
840 1965 945 1997 sunt
975 1956 1252 2009 impetratae.
1282 1956 1550 1998 Admittitur
1579 1964 1728 1999 autem
1762 1971 1858 2000 cum
1889 1956 1891 2004 l

236 2017 465 2058 dotatione
489 2016 607 2058 mille
630 2017 901 2057 florenorum
929 2030 1008 2068 pro
1035 2015 1310 2056 fundationis
1340 2016 1565 2068 quoddam
1597 2014 1694 2071 [sic]
1720 2015 1856 2059 initio.
1889 2005 1891 2060 l

327 2087 399 2128 47.
467 2076 582 2118 Cum
614 2074 842 2116 Antonius
875 2074 1118 2115 Clesselius
1149 2075 1242 2128 (qui
1271 2074 1327 2116 de
1356 2074 1444 2116 fide
1473 2074 1696 2115 catholica
1725 2075 1857 2117 Dilin-
1890 2066 1891 2148 l

239 2148 355 2186 guae
376 2134 695 2184 haesitauerat‚
718 2141 761 2173 et
785 2133 1000 2173 miraculo
1018 2134 1211 2185 quodam
1231 2147 1479 2174 conuersus
1497 2134 1551 2173 ad
1571 2147 1723 2175 sanam
1742 2149 1857 2177 men·

239 2200 327 2235 tem
354 2193 608 2244 videbatur)
632 2191 877 2246 Oeniponti
903 2191 1129 2232 archiduci
1156 2192 1441 2234 Ferdinando
1474 2191 1728 2233 ordinarius
1752 2207 1855 2235 con-

237 2252 440 2293 cionator
463 2258 597 2301 esset,
625 2258 810 2304 repente
833 2264 880 2292 se
903 2251 1124 2291 subtraxit
1150 2249 1236 2293 fset
1259 2250 1433 2292 litteras
1457 2250 1688 2292 archiduci
1712 2252 1857 2295 haere?

241 2310 301 2352 sis
334 2325 442 2352 suae
480 2317 617 2353 testes
647 2309 844 2361 mittens,
878 2309 1022 2362 qualis
1055 2317 1173 2351 esset
1206 2324 1254 2352 se
1287 2309 1496 2364 prodidit;
1533 2323 1615 2350 nec
1650 2309 1857 2367 exiguum

235 2369 338 2412 inde
361 2369 681 2411 offendiculum
706 2368 768 2409 illi
792 2369 962 2422 populo=
980 2368 1203 2421 apostasia
1227 2368 1484 2410 huiusmodi
1511 2368 1699 2423 peperit.

326 2429 398 2480 48.
466 2428 656 2482 Collegii
681 2426 935 2481 moguntini
958 2427 1167 2468 fundator
1185 2427 1562 2482 archiepiscopus,
1582 2424 1856 2468 consentien-

240 2493 281 2529 te
305 2487 517 2542 capituIO,
545 2487 635 2528 duo
659 2486 793 2527 millia
816 2486 1086 2527 florenorum
1118 2488 1209 2527 fere
1239 2486 1281 2527 in
1313 2486 1475 2527 annuis
1496 2485 1754 2528 'redditibus
1775 2483 1857 2525 col-

238 2546 356 2600 legio
384 2545 653 2600 assignauit,
687 2544 866 2600 publico
896 2544 1196 2586 instrumento
1225 2546 1449 2595 confectO,
1482 2545 1601 2598 quod
1636 2551 1783 2586 tamen
1814 2541 1855 2583 in

237 2605 503 2658 quibusdam
528 2604 638 2646 locis
661 2604 948 2645 emendatum
969 2603 1203 2646 remissum
1228 2612 1296 2645 est
1315 2611 1361 2644 vt
1385 2603 1511 2646 aliter
1530 2603 1673 2646 fieret.
1695 2604 1857 2644 Treue-

239 2663 380 2705 rensis
404 2663 537 2705 etiam
561 2662 929 2716 archiepiscopus
951 2662 1008 2704 de
1032 2676 1113 2704 suo
1137 2662 1419 2716 stabiliendo,
1453 2662 1682 2717 perpetuis
1706 2659 1857 2703 firmis-

235 2737 322 2776 que
348 2722 596 2764 redditibus
619 2736 754 2775 agere
772 2721 889 2764 serio
913 2720 1076 2774 coepit.

326 2793 397 2836 49.
466 2782 513 2822 ln
531 2781 695 2836 oppido
719 2781 916 2823 Securae
941 2779 1085 2835 (cuius
1109 2779 1461 2834 praeceptoriam
1487 2780 1579 2821 dux
1607 2778 1762 2821 Feriae
1783 2778 1855 2819 ha-

307 2925 346 2950 dd
397 2923 506 2957 Haec
531 2932 556 2965 4
587 2922 718 2962 verba,
750 2922 794 2954 ob
823 2922 1004 2955 chartam
1029 2922 1230 2964 detritam,
1256 2923 1320 2955 vix
1344 2921 1570 2962 conjectura
1596 2920 1853 2965 assequimur.

238 2980 317 2997 -ee
344 2969 552 3004 Desideret
573 2981 642 3003 ms.
710 2969 783 2995 —sf
806 2969 1018 3003 substraxit
1033 2980 1105 3006 ms.
1124 2969 1185 3002 hic
1203 2972 1239 3002 et
1254 2968 1387 3013 infra‚·
1405 2971 1488 3002 tum
1503 2969 1622 3002 etiam
1636 2965 1851 3002 substracti.
1885 3007 1886 3014 ἵ
