1891 3292
239 188 306 230 256
739 186 927 221 PorAscr
955 195 1272 222 COMPLEMENTA

511 438 551 474 P.
582 438 911 474 HERMANNUS
940 438 1225 473 THYRAEUS
1254 436 1504 473 POLANCO

656 539 879 567 MOGUNTlA
908 532 927 566 8
956 540 1185 566 FEBRUARH
1216 530 1305 575 1573
1333 531 1357 564 ¹.

194 626 440 661 Germaniae
458 629 584 661 status
605 627 645 661 in
664 627 724 661 his
752 638 851 672 quae
878 628 931 660 ad
958 626 1195 671 religionem
1226 626 1461 660 catholicam
1479 627 1818 671 spectant.—Non-

260 686 396 719 nullas
414 684 543 730 affert
564 686 740 720 rationes
758 697 832 720 cur
851 686 896 719 de
921 685 1142 720 Germania
1162 685 1252 718 bene
1271 687 1433 728 sperare
1452 685 1816 723 liceat.—Enume-

259 747 408 777 rantur
428 745 558 778 media
577 744 716 789 quibus
737 735 842 789 fides
858 744 1053 779 catholica
1081 744 1124 777 in
1142 743 1192 777 iis
1210 743 1438 788 regionibus
1458 743 1603 789 augeri
1622 747 1658 778 et
1676 756 1818 781 conser-

265 804 355 836 vari
371 804 508 847 possit.

281 901 310 954 ’ζ-
337 899 445 940 R.in
465 898 650 940 Christo
674 900 820 940 Pater.
847 900 939 939 Pax
958 896 1239 949 Christi,etc.
1263 896 1389 940 Scire
1409 896 1653 948 desideras,
1677 899 1729 942 R.
1752 899 1816 956 P.,

192 989 280 1030 quo
303 975 348 1016 in
372 982 490 1016 statu
513 974 601 1016 sint
627 989 696 1017 res
720 973 969 1017 catholicae
989 973 1218 1028 religionis
1237 973 1280 1014 in
1301 973 1564 1026 Germania,
1586 981 1629 1015 et
1649 988 1735 1028 qua
1758 990 1817 1018 ra-

194 1051 314 1094 tione
344 1051 597 1106 promoueri
628 1050 816 1104 possint.
853 1049 946 1091 Etsi
976 1049 1226 1092 existimem
1259 1049 1574 1104 paternitatem
1606 1058 1726 1092 tuam
1749 1066 1812 1093 sa-

193 1127 248 1169 tis
268 1136 546 1182 perspectam
571 1127 739 1169 habere
762 1140 940 1167 omnem
965 1125 1270 1168 conditionem
1295 1126 1428 1167 huius
1448 1127 1722 1191 prouinciae,
1748 1142 1819 1170 no-

196 1203 255 1245 lui
280 1211 427 1246 tamen
453 1203 659 1246 omittere
682 1202 787 1256 quin
813 1201 1008 1244 breuiter
1027 1202 1285 1245 scriberem.
1307 1203 1462 1245 Status
1480 1203 1619 1257 igitur
1637 1203 1816 1247 Germa-

197 1280 296 1323 niae
320 1280 454 1322 miser
477 1280 587 1321 satis
610 1287 695 1332 est;
722 1294 824 1321 nam
858 1279 1061 1319 nonnulli
1095 1278 1389 1334 principatus,
1416 1279 1670 1332 comitatus,
1696 1287 1821 1335 atque

196 1356 409 1409 dominia,
439 1371 525 1397 una
554 1370 657 1398 curn
690 1355 960 1410 magistratu
993 1355 1208 1409 omnique
1242 1356 1372 1410 plebe
1402 1356 1622 1408 subiecta,
1649 1357 1822 1411 penitus

195 1433 251 1474 ab
274 1433 492 1476 ecclesiae
510 1432 755 1474 catholicae
773 1431 1030 1474 obedientia
1049 1433 1327 1483 defecerunt;
1350 1440 1486 1486 atque
1505 1432 1566 1474 ita
1590 1442 1695 1474 sunt
1713 1448 1737 1475 a
1760 1447 1820 1476 ro-

196 1524 325 1551 mana
348 1509 538 1552 ecclesia
561 1508 749 1563 eiusque
773 1508 988 1549 ministris
1011 1508 1159 1558 alieni,
1188 1515 1235 1550 ut
1265 1509 1320 1550 ad
1351 1509 1496 1550 solum
1529 1523 1691 1552 nomen
1722 1524 1816 1565 pro-

197 1585 453 1627 nuntiatum
478 1600 568 1626 non
593 1599 722 1626 secus
746 1584 1015 1634 afficiantur,
1044 1598 1175 1637 quam
1201 1584 1236 1625 si
1257 1585 1454 1626 turcicus
1473 1585 1761 1639 magistratus
1782 1575 1823 1628 et

199 1661 355 1716 religio
388 1668 741 1715 nuncuparetur3
771 1660 906 1701 immo
938 1661 1087 1701 furore
1111 1661 1319 1714 quodam,
1345 1661 1535 1703 maxime
1566 1670 1665 1716 post
1689 1663 1821 1704 admi-

199 1738 300 1779 ralis
324 1737 337 1756 ²
363 1737 647 1792 supplicium,
676 1737 886 1778 uidentur
911 1751 1125 1790 quaerere
1148 1738 1406 1780 occasiones
1430 1738 1728 1793 persequendi
1750 1753 1820 1780 ca—

202 1814 388 1856 tholicos
411 1814 627 1856 ecclesiae
653 1814 894 1855 ministros.
929 1813 1017 1854 Alii
1052 1828 1158 1856 uero
1188 1822 1292 1855 sunt
1322 1815 1613 1870 principatus,
1640 1815 1819 1857 comita-

202 1901 286 1943 tus,
319 1891 531 1944 dominia,
570 1890 865 1945 respublicae,
903 1890 946 1931 in
981 1890 1145 1943 quibus
1179 1891 1282 1934 licet
1317 1891 1569 1933 catholicae
1603 1892 1823 1947 religionis

198 1967 410 2009 exercitia
434 1967 610 2021 publice
633 1980 721 2008 non
747 1967 852 2021 sint,
878 1966 1009 2009 desiit
1034 1974 1180 2010 tamen
1205 1967 1354 2009 odium
1381 1981 1647 2011 excrescere
1669 1970 1818 2026 catho-

199 2043 400 2098 licorum,
427 2044 562 2084 immo
587 2043 848 2093 tolerantur;
874 2051 917 2085 et
941 2043 977 2084 si
1001 2051 1151 2085 essent
1180 2044 1351 2086 dexteri
1376 2052 1419 2085 et
1443 2044 1563 2086 docti
1594 2045 1820 2099 praedica-

201 2130 335 2172 tores,
362 2135 448 2161 non
475 2119 821 2173 prohiberentur
844 2120 978 2160 etiam
1004 2120 1181 2173 publice
1205 2120 1385 2176 docere,
1417 2122 1549 2162 modo
1571 2122 1713 2163 solide
1736 2122 1824 2163 sine

200 2196 409 2237 omnibus
442 2195 651 2237 conuitiis
689 2195 820 2237 fidem
861 2197 1154 2237 orthodoxam
1196 2197 1523 2250 praedicarent:
1566 2197 1821 2252 imperitiam

199 2273 335 2323 enim,
362 2272 709 2326 improbitatem,
737 2279 780 2314 et
811 2272 1041 2313 catholicis
1071 2273 1354 2314 conuiciandi
1385 2274 1761 2317 consuetudinem
1784 2273 1823 2314 in

199 2349 292 2390 suis
314 2349 437 2390 uerbi
462 2348 677 2389 ministris
695 2349 994 2399 detestantur3
1018 2349 1140 2391 leues
1158 2363 1265 2391 suos
1289 2350 1516 2404 laicosque
1535 2351 1763 2393 ministros
1784 2357 1824 2391 et

204 2426 512 2479 praedicantes
536 2425 807 2479 despiciunt.

272 2562 281 2579 ¹
338 2562 390 2594 Ex
409 2561 620 2605 archetypo
640 2560 676 2594 in
696 2559 780 2594 cod.
807 2561 942 2594 Germ.
972 2569 1056 2603 152,
1084 2560 1105 2594 3
1131 2561 1187 2604 ff„
1216 2574 1280 2596 nn.
1308 2562 1482 2606 314-316‚
1511 2563 1616 2608 prius
1645 2563 1721 2607 196,
1751 2569 1821 2605 1973

200 2619 411 2665 antiquitus
431 2619 507 2663 178,
528 2627 606 2663 179.
625 2618 846 2653 Cancellata
864 2621 1059 2663 nonnulla,
1076 2621 1214 2655 leviter
1230 2621 1303 2655 alia
1320 2622 1519 2656 immutata
1535 2634 1554 2655 a
1571 2622 1746 2664 Polanco,
1763 2632 1824 2665 ap-

202 2685 347 2723 parent,
365 2679 433 2712 abs
448 2678 565 2712 dubio
580 2689 655 2723 quo
672 2677 910 2712 emendatior
927 2678 1089 2722 epistola
1106 2679 1277 2723 pontifici
1293 2680 1508 2715 offerretur.
1531 2681 1609 2715 Nos
1626 2691 1717 2715 vero
1731 2680 1825 2724 Thy-

202 2738 278 2771 raei
294 2743 443 2770 textum
464 2736 613 2771 damus.
641 2736 877 2769 Brevissima
903 2737 1131 2781 compendia
1158 2738 1194 2771 in
1226 2739 1398 2782 margine
1430 2741 1478 2773 ab
1510 2746 1665 2773 auctore
1695 2738 1822 2783 posita,

199 2795 411 2830 omittenda
428 2795 664 2828 censuimus.
689 2795 929 2839 Autographi
951 2796 1067 2829 etiarn
1089 2803 1177 2830 sunt
1206 2797 1355 2831 numeri
1382 2797 1525 2843 quibus
1553 2798 1702 2843 aliquae
1727 2806 1824 2842 para·

199 2855 333 2900 graphi
353 2860 547 2888 notantur:
570 2853 672 2887 unde
692 2865 854 2898 pronum
874 2860 955 2887 erat
975 2865 1155 2889 numeros
1181 2856 1361 2890 omittere
1381 2868 1476 2902 quos
1498 2867 1566 2890 nos
1585 2856 1725 2890 addere
1744 2853 1822 2889 soli·

204 2914 231 2948 ti
249 2925 383 2948 sumus
403 2913 495 2955 (vol.
519 2913 546 2955 I,
568 2915 713 2954 XXVII).
735 2911 796 2946 Cf.
819 2918 858 2946 et
877 2913 991 2957 epist.
1017 2921 1092 2955 171.

272 2973 284 2992 ²
336 2973 531 3016 Gasparus
550 2971 597 3005 de
618 2970 785 3016 Coligny
805 2971 956 3005 occisus
977 2972 1133 3006 Parisiis
1154 2981 1196 3016 24
1218 2973 1386 3017 Augusti
1410 2982 1513 3017 1572.
