1891 3292
609 233 1143 281 COMMEN'1·AR10LA.—1573
1573 239 1642 284 723

63 333 144 376 fuit
180 341 469 389 praeceptum
510 336 771 377 hesternum
813 337 1059 379 relaxatum
1102 353 1216 393 esse,
1263 347 1307 382 et
1345 341 1686 396 congregationi

61 407 186 435 suam
213 392 467 436 libertatem
499 393 769 445 restitutam,
803 403 981 447 gratum
1014 406 1162 439 tamen
1199 373 1290 441 f’ore
1321 376 1545 453 pontifici?
1569 400 1606 441 si
1634 414 1689 442 ex

60 452 141 493 alia
165 451 347 494 natione
370 466 503 507 quam
530 452 761 507 hispanica
786 455 1057 509 eligeremus
1082 457 1385 512 praepositum
1410 460 1685 511 generalem.

60 510 133 555 Sic
146 524 257 565 ergo
275 519 516 565 prosecuta
535 520 602 553 est
621 515 918 567 congregatio
938 529 1052 568 quae
1062 518 1360 570 praecedente
1378 518 1449 559 die
1460 525 1686 572 coeperat

59 578 101 613 et
123 578 223 624 post
255 570 521 613 concionem
555 579 599 613 et
636 570 903 624 orationem,
932 574 1073 627 primo
1098 575 1314 616 scrutinio
1337 576 1508 617 electus
1542 577 1687 618 fuitin

59 629 361 684 praepositum
393 631 441 671 P.
474 629 732 671 Euerardus
762 632 1074 675 Mercurianus
1103 634 1193 688 (qui
1218 634 1458 677 leodiensis
1488 636 1686 689 natione,

58 694 101 730 et
123 687 298 730 Galliae
322 702 375 729 ac
397 688 670 731 Germaniae
693 688 908 732 assistens
931 695 1059 743 erat),
1084 692 1180 747 ipso
1203 694 1275 735 die
1299 694 1348 736 S.
1370 695 1523 736 Marco
1540 709 1686 737 sacro.

59 747 193 802 Quod
223 747 381 790 eodem
410 748 482 789 die
513 747 711 802 pontifici
742 750 1054 792 renunciatum
1085 759 1168 807 est;
1202 760 1246 793 et
1276 752 1358 798 ipsi
1384 753 1689 806 gratissimum

58 805 233 857 accidit;
269 814 314 849 et
352 806 396 847 id
430 807 576 872 ipsum
610 806 900 882 significauit,
937 823 1038 851 cum
1075 787 1259 852 Romam
1294 788 1559 854 redeuntem
1595 820 1691 855 tota

58 865 357 920 congregatio
380 865 515 907 simul
538 865 769 908 inuiseret.

149 936 215 978 13.
284 925 391 966 Post
412 924 695 975 electionem,
723 925 808 966 sub
831 926 966 967 finem
992 927 1159 981 Aprilis
1190 929 1454 971 continuata
1484 937 1551 972 est
1575 942 1687 970 con-

56 983 278 1039 gregatim
313 990 357 1025 et
391 991 568 1038 praeter
601 983 686 1025 alia
721 985 878 1036 multa,
914 986 1176 1029 assistentes
1209 988 1338 1029 electi
1377 989 1577 1030 fuerunt:
1612 1002 1691 1041 pro

56 1042 206 1085 Italiae
231 1043 491 1097 prouinciis,
516 1044 567 1086 P.
591 1043 865 1086 Benedictus
886 1044 1098 1095 Palmius;
1122 1060 1199 1100 pro
1219 1046 1482 1101 Hispaniae,
1514 1049 1562 1089 Ρ.
1586 1045 1691 1101 Egi-

56 1102 154 1144 dius
183 1102 429 1154 Gonzal·ez;
464 1117 545 1157 pro
573 1102 748 1145 Galliae
785 1111 830 1145 et
859 1103 1147 1154 Germaniae,
1187 1107 1236 1146 P.
1268 1106 1500 1148 Oliuerius
1537 1108 1688 1148 Mana-

58 1175 173 1213 reus3
199 1175 280 1216 pro
303 1161 579 1213 Lusitaniae,
610 1163 659 1205 Ρ.
692 1163 855 1205 Petrus
883 1164 1101 1205 Fonseca.
1140 1165 1415 1206 Admonitor
1444 1165 1528 1206 fuit
1557 1164 1690 1207 etiam

55 1221 227 1263 electus
252 1222 303 1263 P.
332 1221 449 1264 idem
479 1221 727 1264 Oliuerius.
757 1222 813 1263 Et
842 1222 1195 1276 congregationi
1224 1224 1327 1265 finis
1356 1232 1423 1267 est·
1454 1224 1692 1279 impositus

55 1279 125 1321 die
151 1278 241 1335 [Ιὸ]
263 1278 283 1304 ¹¹
305 1281 435 1324 Iunii.

151 1351 216 1392 14.
284 1340 387 1381 Hoc
412 1347 630 1394 tempore,
662 1353 764 1381 cum
790 1353 870 1394 pro
894 1340 1097 1394 plurimis·
1123 1341 1365 1395 prouinciis
1384 1341 1557 1396 gratiae
1581 1343 1692 1383 mul-

59 1405 144 1452 tae,
178 1406 266 1440 tam
297 1398 554 1454 spirituales
584 1413 717 1452 quam
750 1400 1038 1453 temporales,
1066 1415 1089 1441 a
1113 1415 1290 1441 summo
1322 1401 1532 1454 pontifice
1562 1408 1689 1455 pete-

57 1467 227 1509 rentur,
254 1472 421 1513 magna
443 1473 546 1501 cum
570 1458 838 1500 liberalitate
861 1473 954 1512 eas,
981 1468 1025 1501 et
1050 1460 1230 1513 quidem
1251 1473 1353 1501 cum
1377 1460 1446 1501 sui
1470 1459 1633 1502 amoris
1651 1466 1694 1501 et

57 1518 400 1560 beneuolentiae
423 1525 467 1560 et
496 1517 693 1572 optimae
723 1517 1068 1560 existimationis
1096 1518 1431 1572 significatione
1454 1518 1691 1573 singulari,

58 1577 297 1620 concessit.

150 1646 216 1689 15.
284 1636 368 1678 Die
418 1634 488 1680 2.ει
532 1635 651 1689 Iulii,
692 1635 895 1677 visitator
939 1636 1199 1691 prouinciae
1245 1639 1364 1679 Peru
1409 1636 1574 1677 missus
1626 1643 1693 1677 est

60 1695 106 1738 Ρ.
142 1697 197 1738 D.
233 1696 383 1747 Plaza3
416 1703 591 1738 etcum
621 1709 674 1737 eo
709 1697 760 1738 P.
798 1697 1030 1749 Montoya,
1067 1696 1142 1749 qui
1183 1696 1364 1739 Siciliae
1399 1694 1694 1750 prouincialis

59 1755 217 1807 fuerat,
246 1762 290 1797 et
316 1757 366 1797 Ρ.
396 1755 594 1796 Didacus
617 1756 805 1806 Suarez,
832 1754 907 1809 qui
932 1762 1078 1797 rector
1101 1755 1279 1810 collegii
1304 1754 1624 1805 messanensis,
1651 1760 1695 1795 et

60 1814 108 1855 Ρ.
137 1815 373 1857 Balthasar
398 1814 583 1870 Pignas,
611 1814 686 1869 qui
709 1815 1003 1869 collegiorum
1028 1813 1263 1856 Sardiniae
1283 1813 1692 1868 viceprouincialis,

57 1887 214 1916 omnes
243 1888 298 1916 ex
328 1873 620 1925 electoribus3
656 1881 700 1916 et
729 1873 801 1916 alii
835 1874 980 1924 multi,
1015 1874 1174 1928 partim
1204 1889 1259 1916 ex
1296 1874 1419 1916 Vrbe
1451 1872 1609 1928 partim
1642 1886 1696 1914 ex

59 1932 292 1988 Hispania,
319 1933 443 1975 missi
467 1940 588 1976 sunt.

126 2074 147 2100 Π
197 2073 360 2109 Lacuna
386 2078 442 2109 est
467 2074 510 2109 in
538 2087 629 2109 ms..·
655 2087 868 2109 numernm
899 2075 1128 2120 supplemus
1152 2075 1332 2109 aliunde:
1359 2074 1413 2119 cf.
1447 2074 1593 2119 Congr.
1633 2073 1700 2107 III

60 2122 168 2156 Acta.
