1891 3292
246 218 315 251 602
743 212 932 248 POLANci
959 220 1273 246 COMPLEMENTA

199 316 358 358 Iacobo
384 314 574 364 medico,
600 313 805 354 sanitatis
828 326 962 354 causa
991 319 1018 364 ¹,
1050 321 1097 353 ut
1127 312 1289 354 deinde
1313 319 1470 366 pergat
1494 311 1538 352 in
1568 311 1751 366 patriam
1783 313 1820 355 si
1883 350 1886 354 ,

200 383 429 427 utcunque
454 373 756 413 conualescat.

288 444 327 485 5.
356 431 501 473 Rediit
524 446 578 472 ex
602 429 967 485 peregrinatione
990 430 1044 471 ad
1069 431 1119 472 S.
1148 429 1356 470 Iacobum
1382 424 1571 470 Ioannes
1595 429 1820 472 Antonius

199 490 504 541 bononiensis,
531 490 575 530 in
600 503 687 542 qua
709 489 900 543 amplius
923 503 1056 542 quam
1081 502 1247 529 annum
1272 487 1566 552 impenderat.

287 549 328 591 6.
357 548 659 590 Intelleximus
688 556 874 589 mortem
907 549 958 589 R.
995 550 1043 590 P.
1079 546 1341 589 Villanovae
1363 553 1375 569 S
1403 545 1448 586 in
1477 546 1720 600 Hispaniis,
1745 546 1820 600 qui

198 608 300 650 licet
323 622 410 648 non
437 607 620 661 perinde
643 607 806 648 doctus
829 613 970 657 esset,
997 606 1255 648 mirabiliter
1281 612 1428 645 tamen
1462 605 1640 646 ualebat
1663 604 1819 659 spiritu

196 676 238 708 et
263 666 449 709 scientia
472 666 663 720 quadam
690 665 858 708 diuina.
887 667 1093 707 Mortuus
1116 671 1183 706 est
1208 664 1454 717 Compluti,
1482 663 1558 704 ubi
1581 663 1819 718 collegium

196 725 432 769 Societatis
457 725 681 775 fundarat,
708 725 825 766 sicut
848 724 981 767 etiarn
1006 723 1110 765 alibi
1135 722 1326 777 plurima
1345 736 1421 777 per
1445 721 1589 776 ipsum
1613 723 1820 765 effecerat

198 784 433 826 Dominus.

285 854 325 896 7.
354 842 664 885 Constitutum
688 848 755 884 est
780 856 803 882 a
828 843 880 884 R.
916 843 966 885 P.
1001 840 1149 884 Natali
1176 847 1224 881 ut
1253 838 1461 893 sequenti
1492 839 1741 893 septimana
1762 841 1819 882 al-

196 902 333 944 ternis
357 902 516 944 diebus
537 902 793 956 legeremus
816 908 860 943 et
883 901 1066 943 alternis
1089 900 1249 941 diebus
1272 899 1623 953 disputaremus.

285 961 325 1002 8.
361 962 597 1003 Venerunt
626 960 681 1001 ad
710 959 951 1014 collegium
985 959 1199 1001 Nicolaus
1228 957 1482 1008 caietanus,
1515 957 1822 999 Theodoricus

196 1020 461 1073 gandensis,
502 1019 775 1062 Guillelmus
808 1033 1054 1073 germanus
1077 1026 1120 1060 et
1152 1017 1379 1058 Antonius
1408 1016 1570 1070 gallus.
1603 1015 1823 1058 Maturius

195 1078 489 1120 mittebantur
511 1078 573 1129 hi,
600 1078 704 1132 quia
728 1078 923 1119 turbatio
941 1078 1160 1131 quaedam
1180 1084 1273 1118 erat
1293 1075 1430 1125 domi,
1458 1089 1513 1117 ex
1531 1089 1618 1129 qua
1641 1075 1730 1116 duo
1747 1088 1822 1116 no·

197 1137 292 1178 uitii
316 1138 520 1180 abierant
543 1137 829 1191 praecedenti
854 1145 1003 1179 nocte:
1031 1135 1261 1178 Henricus
1283 1134 1544 1188 vestphalus
1565 1141 1610 1174 et
1633 1133 1824 1176 Michael

195 1196 426 1250 hispanus.
455 1196 522 1250 3.⁰
546 1210 650 1237 vero
665 1195 866 1250 Augusti
889 1195 1201 1238 conscendens
1224 1208 1401 1235 murum
1428 1194 1669 1247 aufugerat
1692 1193 1823 1234 domo

197 1262 522 1298 conterraneus
546 1269 673 1296 meus
697 1254 949 1296 Hesselius.

288 1326 353 1356 Io,
381 1315 427 1355 In
453 1315 568 1357 festo
593 1315 640 1357 S.
667 1313 897 1356 Laurentii
927 1313 1105 1354 dicebat
1137 1313 1187 1354 R.
1225 1313 1276 1352 P.
1311 1310 1485 1352 Natalis
1513 1309 1823 1352 sacerdotibus

195 1372 373 1426 collegii
397 1374 452 1414 ad
475 1387 523 1414 se
546 1373 728 1423 vocatis,
751 1373 805 1414 ad
825 1379 1076 1415 extremum
1096 1370 1183 1412 iam
1202 1370 1448 1412 deductum
1467 1383 1566 1411 esse
1590 1368 1823 1422 negotium

195 1432 305 1472 illud
328 1439 485 1473 contra
509 1432 799 1486 Societatem,
828 1431 951 1485 quod
973 1445 1110 1484 supra
1134 1429 1329 1471 diximus
1352 1428 1613 1469 inchoatum
1640 1427 1776 1468 fuisse
1799 1441 1823 1469 a

200 1491 379 1532 Pontio.
415 1493 504 1532 Iam
535 1491 652 1533 enim
683 1505 738 1532 ex
767 1490 906 1533 literis
939 1497 982 1532 et
1016 1489 1111 1530 aliis
1142 1489 1276 1530 rebus
1305 1487 1545 1529 manifesto
1572 1486 1822 1538 deprehen-

194 1563 293 1590 sum
319 1558 402 1600 est,
433 1551 483 1591 P.
513 1550 748 1592 Bobadilla
771 1563 874 1590 cum
899 1549 1079 1590 duobus
1103 1555 1180 1589 aut
1205 1547 1347 1588 tribus
1376 1545 1472 1587 aliis
1496 1546 1823 1600 praefecturam

197 1608 435 1650 Societatis
459 1610 686 1651 affectare.
714 1608 760 1649 Id
779 1608 896 1650 enim
916 1616 959 1649 et
983 1607 1156 1657 scribit,
1177 1620 1224 1647 se
1243 1606 1493 1647 secundum
1517 1604 1731 1645 iustitiam
1750 1604 1822 1645 de-

196 1667 301 1709 bere
312 1682 410 1709 esse
429 1668 720 1721 superiorem,
741 1680 824 1708 nec
842 1666 1111 1716 desiderare,
1131 1665 1213 1706 nisi
1229 1665 1476 1707 secundum
1492 1663 1707 1704 iustitiam
1726 1676 1822 1705 esse

195 1726 393 1778 deberet3
425 1728 474 1768 P.
502 1727 683 1780 Laynez
709 1740 815 1767 uero
839 1726 982 1766 solum
1009 1724 1188 1765 nomine
1208 1723 1424 1764 vicarium
1443 1736 1557 1765 esse.
1586 1722 1822 1775 Loquutus

193 1792 262 1826 est
286 1787 370 1826 hac
391 1786 446 1826 de
471 1800 517 1827 re
541 1799 644 1826 cum
672 1786 724 1827 R.
730 1792 777 1809 ¹¹¹0
800 1783 1028 1825 cardinale
1058 1784 1114 1825 de
1143 1782 1303 1837 Carpi,
1329 1782 1401 1824 cui
1432 1788 1587 1835 postea
1610 1782 1823 1833 loquutus

193 1849 261 1885 est
285 1852 440 1897 postea
466 1844 563 1900 [sic]
589 1845 639 1885 R.
670 1845 720 1885 P.
744 1844 924 1898 Laynez
942 1842 1134 1883 vicarius
1153 1855 1289 1884 uerus
1312 1848 1355 1882 et
1375 1856 1398 1882 a
1417 1841 1513 1882 Deo
1532 1839 1820 1891 constitutus;

194 1909 237 1944 et
261 1902 393 1944 etiam
419 1917 521 1957 ego,
549 1903 752 1956 allegans
774 1902 835 1942 illi
865 1916 918 1943 ex
942 1901 1082 1956 prima
1111 1899 1395 1942 institutione
1424 1906 1469 1941 et
1492 1893 1651 1954 regula
1673 1897 1821 1945 Socie—

196 1961 314 2012 tatis;
339 1961 444 2003 item
469 1976 523 2004 ex
546 1962 667 2003 bulla
691 1961 939 2015 gratiarum
963 1959 1205 2003 Societatis
1229 1974 1254 2001 a
1281 1959 1439 2009 Paulo,
1465 1957 1591 1999 illum
1614 1956 1691 2010 qui
1713 1970 1822 2010 quo-

195 2032 388 2073 cumque
419 2021 552 2062 modo
584 2020 753 2062 directe
785 2021 852 2062 uel
883 2019 1103 2061 indirecte
1135 2019 1371 2061 affectaret
1402 2017 1725 2072 praelaturam,
1751 2015 1822 2058 uel

196 2092 529 2132 quamcumque
548 2078 942 2133 praeeminentiam
959 2093 1003 2118 1n
1016 2077 1255 2128 Sometate
1271 2091 1323 2118 eo
1336 2075 1688 2131 1psomhab1lem
1706 2088 1820 2116 esse.

195 2137 299 2178 Huc
315 2138 489 2179 accedit
508 2138 628 2191 quod
648 2137 851 2191 professi,
872 2137 978 2178 dum
999 2144 1105 2178 uota
1129 2135 1341 2179 emittunt
1359 2134 1613 2190 specialiter
1638 2132 1823 2188 promit-

194 2202 289 2237 tant
306 2210 354 2238 se
372 2196 415 2252 [
422 2196 575 2252 ]ullam
596 2210 792 2249 unquam
812 2194 1401 2250 dignitaternaffectaturos
1424 2194 1626 2236 Tandem
1650 2191 1763 2233 dixit
1780 2197 1823 2232 et

191 2254 319 2296 iussit
345 2257 396 2298 R.
402 2263 448 2280 ’Μ
433 2263 463 2279 ⁵
486 2255 724 2297 cardinalis
748 2262 796 2296 ut
820 2254 1202 2309 congregationes
1232 2253 1391 2295 solitae
1421 2253 1581 2295 fierent
1612 2266 1635 2293 a
1658 2249 1822 2292 nostris

196 2314 245 2355 R.
253 2312 296 2338 ‘1¹⁵
327 2314 557 2364 Patribus
590 2314 769 2356 nemine
798 2315 1106 2368 professorum
1136 2313 1335 2364 seclus03
1370 2312 1449 2354 sed
1479 2309 1727 2366 superioris
1759 2309 1821 2350 lo-

192 2386 295 2413 cum
316 2380 360 2415 et
389 2374 676 2415 autoritatem
705 2373 892 2415 haberet
925 2374 976 2414 R.
1015 2374 1066 2415 P.
1099 2373 1305 2425 Laynez,
1332 2370 1408 2424 qui
1431 2369 1633 2424 legitime
1662 2381 1821 2411 secun·

194 2431 300 2472 dum
347 2431 724 2473 constitutionum
755 2431 941 2473 formam
970 2431 1143 2474 electus
1180 2439 1247 2471 est
1278 2430 1446 2484 primo,
1480 2435 1525 2470 et
1564 2434 1718 2482 postea
1766 2426 1821 2468 ab

193 2490 402 2532 omnibus
428 2491 637 2532 Patribus
659 2490 792 2531 simul
810 2489 1117 2544 congregatis,
1151 2496 1363 2542 tanquam
1409 2487 1609 2542 legitime
1651 2487 1822 2529 electus

193 2550 466 2603 approbatus
488 2557 572 2599 est;
599 2563 731 2603 quem
755 2548 951 2603 denique
976 2547 1212 2602 Hispania,
1240 2546 1487 2600 Lusitania,
1514 2545 1682 2595 Sicilia,
1708 2544 1819 2587 Ger-

192 2608 354 2658 mania,
383 2608 520 2659 Italia,
547 2608 694 2650 Gallia
716 2615 761 2650 et
783 2607 933 2649 omnia
951 2606 1147 2660 denique
1169 2606 1409 2649 Societatis
1432 2605 1630 2648 membra
1656 2617 1735 2658 per
1754 2609 1818 2644 to-

194 2673 287 2707 tum
317 2668 490 2721 orbem,
512 2681 591 2722 pro
624 2681 730 2710 vero
758 2665 980 2720 superiori
1008 2665 1054 2707 in
1083 2665 1224 2708 literis
1253 2673 1296 2707 et
1325 2664 1538 2719 operibus
1565 2663 1660 2705 suis
1683 2675 1818 2717 agno-

195 2734 343 2768 scunt.

281 2784 451 2826 Dicunt
481 2784 527 2825 hi
550 2782 792 2834 coniurati,
827 2783 973 2825 nullas
1001 2796 1100 2825 esse
1129 2782 1476 2825 constitutiones
1506 2783 1726 2823 hactenus
1760 2779 1819 2820 fa-

193 2848 302 2894 ctas,
326 2851 370 2885 et
393 2858 417 2884 a
439 2857 487 2885 se
510 2842 674 2886 debere
698 2842 810 2896 fieri,
837 2841 1116 2897 superiorem
1140 2840 1367 2893 constitui,
1385 2847 1430 2883 et
1453 2839 1602 2882 omnia
1620 2837 1818 2882 Societa-

262 2993 275 3009 Γ
301 2984 430 3065 ,Hinc
459 2984 545 3019 alia
576 2995 719 3018 manus
737 2984 791 3018 'in
821 2995 891 3018 ms.
945 2993 1005 3010 —s
1031 2982 1159 3028 Vilgia
1188 2994 1287 3017 noua
1319 2994 1391 3018 ms,
1419 2983 1492 3023 hic,
1528 2984 1562 3016 et
1593 2981 1710 3024 infra
1740 2989 1817 3014 non

197 3042 297 3066 887118
323 3056 332 3066 ι
