1953 3333
320 228 362 269 84
824 220 1011 253 POLANcr
1039 225 1353 251 COMPLEMENTA

272 329 418 367 huona
439 331 560 379 parte
577 319 854 364 dell'edificio
873 319 1020 372 quello
1039 319 1122 358 che
1148 316 1222 370 gia
1245 323 1313 357 sta
1339 317 1464 357 fatto.
1496 318 1670 359 Mentre
1687 317 1771 357 che
1790 330 1892 370 que-

273 411 338 444 sta
362 408 485 456 parte
509 399 542 439 si
578 413 629 439 ua
663 396 849 438 alzando
873 410 896 436 e
920 394 1165 447 coprendo,
1191 407 1269 446 per
1292 392 1466 446 poterui
1491 393 1583 433 fare
1606 392 1619 432 i
1642 392 1784 434 nostri
1808 392 1866 432 mi

272 477 456 526 misterii,
482 473 709 516 essendosi
730 472 934 513 rouinata
953 470 1078 524 quasi
1104 476 1220 511 tutta
1244 470 1285 510 la
1308 469 1460 512 chiesa
1483 469 1526 510 di
1552 469 1707 523 prima,
1726 469 1769 510 di
1794 471 1894 523 quel

274 568 382 607 poco
405 554 488 594 che
514 550 555 591 ui
586 550 763 599 rimase,
789 564 814 590 e
837 548 974 588 d'una
1001 555 1124 600 parte
1156 546 1227 588 del
1249 546 1336 587 sito
1361 546 1510 587 uicino
1531 546 1575 586 di
1599 560 1702 587 casa
1725 553 1892 597 nostra,

234 623 237 626 ¹
269 631 334 671 s’e
360 630 466 669 fatta
483 628 537 668 ad
558 634 732 679 tempus
756 639 844 666 una
868 623 1020 665 chiesa
1044 638 1068 665 e
1092 622 1308 673 sacristia;
1331 637 1355 664 e
1378 636 1462 664 con
1488 629 1606 663 tutta
1631 623 1671 663 la
1691 618 1892 664 strettez‘-

272 721 321 747 za
349 705 392 745 di
421 703 583 758 quella,
612 716 699 742 non
730 700 765 742 si
799 699 997 741 lasciano
1021 700 1049 740 li
1081 699 1199 755 soliti
1227 699 1458 748 essercifii,
1486 714 1510 740 e
1543 699 1674 740 uiene
1698 699 1736 738 la
1761 706 1898 752 gente

271 782 354 823 alle
381 778 651 821 confessioni
682 790 809 818 come
842 776 996 830 prima,
1024 783 1068 818 et
1091 776 1234 817 anche
1265 775 1349 817 alle
1374 775 1584 829 prediche
1608 790 1632 817 e
1660 774 1849 824 lettioni;
1875 789 1898 815 e

273 872 359 899 non
379 858 444 898 sol
463 869 644 896 mancas
661 861 798 908 gente
817 852 1077 907 principale,
1100 852 1188 894 che
1208 851 1339 894 uiene
1358 852 1532 892 talhora
1549 851 1646 892 sino
1662 852 1716 892 da
1732 852 1777 894 S.
1805 851 1897 892 Pie-

274 941 357 984 tro,
385 947 410 974 0
435 946 546 987 poco
571 945 716 980 meno,
744 931 827 971 che
853 943 939 969 non
966 929 990 969 e
1014 927 1188 982 piccola
1211 928 1441 970 distantia.
1468 929 1500 968 Il
1523 929 1750 969 confessar
1769 927 1893 969 infer-

276 1010 332 1050 mi
366 1024 389 1050 e
421 1022 610 1063 persone
639 1006 683 1048 di
715 1006 849 1047 molta
879 1005 1065 1058 qualitfz,
1102 1004 1310 1046 l’aiutare
1339 1005 1380 1046 al
1413 1005 1498 1046 ben
1531 1003 1693 1046 morire
1715 1005 1770 1046 ad
1793 1005 1898 1058 ogni

275 1088 400 1136 hora,
426 1099 450 1125 e
475 1083 673 1138 uegliare
696 1082 876 1136 quando
899 1082 923 1123 e
948 1081 1141 1135 bisogno
1164 1082 1204 1123 le
1228 1088 1353 1123 notte
1376 1080 1549 1130 intiere‚
1576 1081 1600 1121 e
1629 1094 1733 1121 cosa
1763 1081 1901 1121 molto

276 1161 511 1211 ordinaria;
534 1176 558 1202 e
580 1161 846 1213 quest⁷anno
871 1158 904 1198 si
936 1158 958 1200 ἐ
983 1172 1130 1199 messo
1155 1158 1198 1198 in
1226 1157 1392 1211 pratica
1420 1171 1504 1198 con
1529 1158 1690 1198 alcune
1714 1171 1902 1210 persone

276 1237 319 1278 di
343 1245 492 1291 conto,
519 1244 562 1278 et
595 1250 682 1277 non
706 1250 840 1277 senza
874 1234 1007 1275 :nolta
1036 1234 1335 1285 edificatione,
1361 1233 1396 1274 si
1427 1248 1503 1286 per
1527 1234 1565 1273 le
1596 1233 1763 1286 qualitii
1790 1234 1897 1281 loro,

277 1313 313 1356 si
338 1329 414 1367 per
445 1314 483 1355 le
517 1311 730 1354 difficolta
759 1311 1026 1362 ch'u’erano,
1052 1311 1089 1352 si
1121 1311 1268 1353 anche
1292 1325 1369 1364 per
1394 1311 1434 1350 la
1466 1309 1580 1350 bona
1610 1309 1901 1363 dispositione

277 1405 360 1432 con
379 1393 463 1432 che
483 1389 720 1431 morirono.
744 1389 927 1443 Quanto
945 1388 984 1428 al
1006 1389 1145 1428 frutto
1164 1387 1207 1428 di
1225 1394 1382 1440 queste
1402 1386 1701 1440 occupationi,
1721 1386 1763 1427 di
1783 1386 1898 1428 usci-

279 1481 324 1508 re
353 1467 474 1508 molti
508 1465 740 1520 d’peccati,
767 1480 791 1505 e
820 1465 954 1506 intrat
988 1465 1032 1505 in
1057 1464 1262 1518 religioni
1287 1464 1480 1514 diuerse‚
1508 1471 1552 1506 et
1579 1463 1750 1506 aiutare
1780 1464 1899 1505 molti

279 1558 361 1585 con
402 1545 440 1584 le
478 1543 681 1584 limosine
704 1543 789 1583 che
830 1542 864 1581 si
907 1542 1279 1594 raccomandano,
1306 1548 1350 1582 et
1374 1540 1485 1581 altre
1510 1555 1613 1582 cose
1648 1541 1738 1591 tali,
1760 1541 1903 1582 inten-

279 1620 370 1663 desi
410 1621 437 1661 il
483 1620 723 1660 medesimo
752 1620 836 1659 che
868 1618 902 1659 si
927 1619 1051 1659 suole
1081 1617 1278 1659 scriuere
1310 1615 1477 1671 gl'altri
1499 1617 1621 1670 anni,
1654 1626 1697 1658 et
1727 1615 1818 1658 cosi
1844 1618 1898 1658 la-

280 1697 422 1738 sciaro
444 1697 473 1736 il
498 1695 774 1750 particolare‚
802 1695 975 1737 00110110
1008 1694 1131 1735 molti
1155 1710 1203 1737 se
1229 1709 1282 1736 ne
1307 1694 1432 1735 siano
1455 1694 1675 1748 d'grande
1692 1693 1834 1748 gloria
1859 1694 1899 1734 di

286 1774 368 1816 Dio
393 1774 448 1814 N.
476 1774 523 1816 S.

368 1861 435 1902 23.
509 1849 653 1890 Prima
676 1850 760 1891 che
793 1850 828 1890 si
859 1849 1074 1901 giettasse
1097 1863 1120 1888 a
1146 1855 1261 1889 terra
1284 1847 1324 1887 la
1347 1847 1498 1889 chiesa
1523 1847 1726 1897 uecchia,
1756 1847 1903 1889 secero

282 1925 325 1966 in
348 1926 494 1978 quella
516 1938 542 1977 4
570 1925 697 1966 Padri
722 1926 761 1966 la
787 1925 1060 1978 professione
1084 1926 1138 1966 de
1162 1936 1189 1976 4
1214 1923 1322 1974 uoti,
1349 1931 1393 1965 et
1411 1922 1512 1964 altri
1535 1923 1577 1963 di
1603 1936 1643 1976 3,
1677 1925 1760 1965 che
1784 1923 1901 1978 dipoi

284 2001 320 2042 si
344 2003 491 2044 fecero
515 2001 751 2044 sacerdoti:
781 2002 821 2042 ui
856 2002 986 2042 furno
1012 2002 1156 2042 anche
1181 2000 1429 2041 coadiutori
1454 2000 1686 2054 temporali
1710 1999 1901 2050 for1nati3

283 2077 319 2117 si
349 2078 444 2118 fece
474 2078 606 2119 etiam
639 2078 679 2118 la
712 2077 993 2131 processione
1023 2078 1094 2119 del
1126 2078 1302 2130 Corpus
1334 2076 1530 2130 Domini,
1562 2077 1649 2118 che
1680 2077 1725 2116 fu
1751 2083 1904 2117 tenuta

285 2154 420 2194 molto
454 2154 605 2194 diuota
637 2168 660 2194 0
694 2153 953 2207 principale,
988 2152 1345 2194 concorrendoui
1382 2166 1466 2193 000
1500 2153 1539 2193 10
1569 2166 1648 2193 sue
1679 2152 1849 2193 torchie
1881 2166 1905 2193 0

288 2230 473 2270 candele
496 2230 538 2270 di
562 2244 662 2272 cera
685 2230 696 2269 i
723 2237 785 2270 tre
810 2229 986 2281 collegii
1011 2238 1054 2271 et
1078 2231 1118 2271 le
1137 2230 1224 2271 due
1247 2242 1366 2282 case,
1393 2229 1479 2269 che
1504 2231 1641 2269 fanno
1667 2244 1723 2269 un
1750 2242 1906 2283 grosso

288 2320 489 2358 numero,
514 2313 558 2346 et
580 2306 698 2358 dipoi
729 2306 763 2347 si
789 2306 948 2347 rouino
978 2307 1016 2346 la
1040 2306 1205 2347 chiesa.
1237 2306 1399 2359 Quella
1423 2305 1517 2346 ch'e
1550 2306 1658 2346 fatta
1681 2305 1725 2345 in
1750 2312 1907 2358 questo

292 2389 478 2432 mentre,
512 2395 587 2435 per
611 2383 758 2435 quello
789 2384 872 2424 che
900 2383 983 2423 ella
1009 2383 1047 2432 ὁ,
1073 2389 1141 2423 sta
1171 2383 1256 2423 ben
1282 2382 1572 2423 accomodata
1594 2389 1638 2424 et
1666 2389 1838 2432 ornata,
1865 2389 1907 2422 et

289 2458 356 2498 sin
381 2456 679 2512 d’Alemagna
700 2460 736 2499 le
755 2458 1039 2501 serenissime
1064 2458 1235 2513 regine,
1261 2459 1377 2499 delle
1399 2458 1516 2510 quali
1536 2457 1672 2512 parlai
1691 2458 1734 2498 di
1757 2472 1904 2512 sopra,

290 2534 534 2574 mandorno
558 2535 817 2587 quest’anno
838 2536 987 2576 buona
1011 2535 1214 2587 quantita
1240 2534 1282 2575 di
1308 2535 1425 2575 ricco
1448 2534 1662 2575 brochato
1685 2535 1809 2575 d’oro
1833 2549 1909 2588 per

292 2610 356 2650 far
381 2611 641 2664 paramenti,
668 2611 704 2652 si
730 2625 855 2653 come
878 2613 965 2652 han
994 2613 1104 2653 fatto
1129 2609 1299 2665 gl'anni
1324 2610 1502 2665 passati,
1530 2610 1743 2651 aiutando
1766 2610 1792 2650 11
1818 2611 1906 2651 cul-

293 2693 335 2726 to
358 2685 511 2727 diuino
532 2701 617 2728 con
642 2687 745 2727 doni
769 2687 805 2728 si
833 2687 945 2730 fatti.

381 2774 450 2814 24.
517 2764 642 2804 Nella
666 2778 767 2805 casa
791 2765 833 2804 di
860 2765 1119 2817 probatione
1144 2764 1185 2804 di
1210 2764 1256 2806 S.
1282 2763 1475 2815 Andrea‚
1494 2777 1619 2804 come
1643 2763 1678 2804 si
1703 2764 1815 2806 uede
1835 2777 1911 2817 per

296 2839 334 2879 la
357 2837 471 2892 lista‚
499 2854 642 2880 sonno
668 2852 716 2892 31
746 2840 920 2889 nouitii‚
948 2841 1059 2881 oltre
1084 2840 1185 2893 quei
1209 2842 1291 2881 che
1316 2854 1595 2894 gouernano‚
1621 2848 1664 2881 et
1689 2839 1700 2880 i
1724 2840 1907 2881 coadiu-

298 2914 395 2967 1011,
422 2922 465 2956 et
489 2915 637 2956 alcuni
665 2916 819 2956 fratelli
845 2917 1058 2957 muratori
1082 2917 1400 2958 ch'attendono
1424 2916 1507 2957 alla
1540 2915 1722 2957 fabrica.
1753 2917 1800 2956 ln
1826 2923 1910 2957 tut-

302 2997 343 3028 to
376 3003 517 3030 sonno
546 3003 617 3041 41.
650 2991 695 3033 Si
728 2991 749 3031 0
779 2991 988 3046 ampliato
1028 2992 1164 3033 molto
1202 2993 1469 3045 quest’anno
1507 2992 1608 3045 quel
1638 2991 1836 3041 edificio,
1869 3000 1912 3032 et
