1891 3292
247 247 313 289 234
741 243 925 277 POLANOE
953 252 1269 278 COMPLEMENTA

201 355 377 388 nostros
409 345 478 386 uel
511 342 807 397 simplicitatis
838 343 907 386 uel
938 343 1157 395 falsitatis,
1191 351 1239 385 ut
1273 343 1380 398 ipsis
1413 344 1573 398 placet,
1609 351 1818 399 arguant.

201 424 367 464 Verum
392 421 554 462 frustra
584 419 693 462 retia
717 427 821 462 ante
850 420 1005 462 oculos
1029 428 1326 474 pennatorum
1351 419 1528 472 iacient,
1552 434 1654 461 narn
1684 434 1818 475 popu·

201 499 269 539 lus
292 495 592 538 communiter
615 495 853 549 plurimum
877 497 931 538 ad
955 496 1221 538 catholicam
1249 496 1502 537 doctrinam
1526 496 1735 550 afficitur,
1760 497 1820 538 di-

199 588 304 614 cens
336 572 538 625 (audiens
563 572 710 613 Patris
739 572 1018 626 concionem)
1042 571 1149 614 nihil
1180 586 1228 614 se
1251 572 1435 626 impium
1468 573 1539 614 uel
1564 572 1767 626 iniquum
1799 589 1824 616 a

199 648 433 691 catholicis
456 648 627 700 audire,
651 649 1030 702 quemadmodum
1048 648 1234 691 heretici
1258 648 1675 700 comminiscuntur,
1702 664 1824 703 prae-

199 725 333 766 dicari
358 725 476 767 enim
507 725 737 767 Christum
762 733 805 766 et
835 725 931 768 eius
960 724 1243 781 sanctissima
1269 725 1440 775 merita,
1473 725 1657 767 excitari
1683 740 1823 780 popu-

198 803 288 842 lum
312 801 366 842 ad
392 800 595 854 virtutes,
622 807 709 844 etc.
736 801 1038 843 Nihilominus
1062 809 1209 843 tamen
1236 815 1326 842 non
1350 808 1538 854 possunt
1557 801 1639 843 sibi
1659 816 1683 843 a
1703 816 1823 844 men-

198 876 336 918 daciis
361 884 626 931 temperare,
653 884 696 919 et
720 876 763 918 in
788 877 978 931 publicis
1001 877 1249 931 suggestis,
1276 877 1320 917 in
1349 876 1572 918 conuiuiis
1601 884 1645 919 et
1670 878 1825 931 plateis

198 953 320 995 uaria
344 953 531 994 crimina
554 953 684 994 nobis
706 953 983 1004 adscribunt,
1010 967 1130 995 nunc
1154 954 1451 1003 incestuosos,
1478 967 1598 995 nunc
1623 955 1821 1007 petulan-

199 1038 280 1080 tes,
308 1043 428 1070 nunc
457 1029 730 1084 hypocritas,
758 1043 877 1071 nunc
909 1032 1010 1080 hoc,
1039 1044 1158 1071 nunc
1181 1030 1291 1071 illud
1320 1030 1570 1072 vocitantes
1599 1044 1695 1072 nos.
1734 1031 1823 1072 Vo-

199 1107 295 1147 lunt
322 1107 497 1147 Patrem
524 1120 623 1149 esse
648 1120 825 1160 porcam
850 1107 906 1148 de
929 1121 1017 1160 qua
1039 1120 1194 1147 omnes
1218 1105 1447 1148 Marchiae
1471 1107 1728 1148 sacerdotes
1752 1121 1822 1148 su-

200 1189 329 1237 gant,
362 1182 591 1223 minantur
620 1182 680 1223 illi
711 1189 897 1225 mortem
928 1189 1168 1236 antequam
1198 1182 1303 1223 hinc
1331 1182 1548 1225 discedat.
1582 1183 1670 1226 Sed
1704 1184 1827 1225 Deus

201 1266 351 1301 noster
374 1259 582 1300 defensor
606 1266 689 1301 est.

287 1346 327 1387 7.
396 1336 489 1377 Nos
519 1334 587 1377 his
617 1343 828 1389 tanquam
854 1335 987 1376 fumis
1016 1335 1308 1389 contemptis,
1335 1335 1378 1376 in
1403 1335 1634 1377 consuetis
1663 1334 1825 1377 muniis

201 1411 528 1466 progredimur;
567 1412 621 1453 ad
655 1412 854 1453 infirmos
887 1420 930 1452 et
963 1411 1165 1466 captiuos
1203 1412 1482 1465 afflictosque
1515 1412 1824 1454 consolatione

197 1488 344 1541 aliqua
369 1488 586 1529 leuandos
614 1487 847 1542 sepissime
870 1488 1141 1538 accedimus;
1170 1488 1252 1531 etsi
1277 1502 1359 1529 nos
1382 1502 1470 1529 non
1496 1495 1675 1538 vocent,
1704 1488 1825 1541 quod
1873 1535 1876 1540 ,

199 1572 347 1606 tamen
383 1573 431 1606 ut
465 1564 704 1618 plurimum
729 1564 935 1619 contigit,
963 1564 1045 1619 ipsi
1069 1572 1229 1618 sponte
1252 1564 1523 1607 accedimus.
1551 1564 1824 1618 Inquirimus

199 1655 419 1695 pauperes
442 1640 517 1694 qui
535 1642 792 1694 elemosyna
810 1640 1031 1695 indigent,
1053 1655 1221 1695 eosque
1240 1641 1386 1694 aliqua
1413 1641 1601 1695 pecunia
1625 1655 1680 1683 ex
1704 1641 1825 1695 prin-

198 1717 308 1771 cipis
342 1717 606 1760 liberalitate
639 1718 875 1768 donamus;
915 1717 1058 1758 Patris
1091 1717 1209 1758 enirn
1250 1717 1462 1759 instantia
1500 1730 1585 1769 400
1628 1717 1819 1759 florenni

203 1795 448 1836 rhenenses
472 1794 528 1835 ad
551 1794 853 1847 elemosynam
879 1793 1070 1847 porrecti
1094 1801 1213 1835 sunt.
1242 1793 1571 1836 Constituimus
1602 1793 1672 1835 hic
1696 1794 1824 1835 scho-

199 1870 262 1910 las
281 1877 383 1911 ante
404 1870 495 1912 fere
514 1870 748 1924 collapsas,
774 1871 895 1923 quod
919 1869 1133 1924 magister
1155 1870 1420 1912 lutheranus
1443 1871 1611 1911 nullam
1635 1870 1822 1925 diligen·

202 1946 306 1988 tiam
332 1946 587 1989 adhibuerit
611 1946 745 2001 prius,
770 1946 860 1987 imo
886 1946 1027 1987 tribus
1048 1946 1278 1988 mensibus
1297 1947 1567 2000 quandoque
1591 1947 1733 1989 abfuit
1752 1947 1825 1989 de-

198 2023 329 2065 sertis
358 2023 540 2073 scholis,
573 2037 684 2077 quas
720 2037 840 2065 nunc
869 2023 1177 2077 gubernamus
1211 2031 1255 2065 et
1289 2022 1489 2076 quotidie
1527 2022 1821 2077 ingredimur.

201 2101 294 2141 Pax
322 2099 439 2141 inter
463 2100 629 2141 multos
660 2107 728 2141 est
758 2099 1018 2151 constituta3
1051 2106 1111 2145 et,
1139 2107 1188 2140 ut
1211 2100 1467 2141 summatim
1492 2099 1654 2154 dicam,
1687 2114 1825 2153 quan·

203 2184 295 2217 tum
315 2176 526 2218 hereticis
548 2190 705 2218 sumus
723 2175 880 2227 odiosi,
907 2183 1079 2217 tantum
1105 2190 1127 2216 a
1150 2176 1383 2218 catholicis
1406 2176 1651 2231 diligimur,
1674 2190 1823 2230 quam-

201 2252 269 2293 uis
293 2266 632 2306 nonnumquam
657 2253 823 2295 veritas
845 2252 995 2294 odium
1022 2252 1150 2306 parit,
1176 2252 1255 2294 sed
1279 2267 1424 2306 neque
1448 2253 1490 2294 id
1520 2253 1755 2295 studemus
1777 2259 1824 2294 ut

202 2329 411 2370 omnibus
442 2330 615 2383 placere
640 2329 877 2384 possimus.
903 2330 951 2370 Id
980 2328 1109 2370 nobis
1132 2328 1177 2370 in
1201 2329 1387 2370 summis
1409 2328 1641 2372 desideriis
1663 2337 1745 2378 est,
1777 2336 1824 2370 ut

200 2405 289 2447 fine
313 2406 417 2447 huic
442 2406 790 2461 peregrinationi
814 2405 1038 2460 imposito,
1065 2405 1242 2448 tandem
1267 2406 1322 2446 ad
1345 2412 1522 2447 nostros
1553 2412 1738 2460 penates
1760 2420 1823 2448 re-

201 2482 463 2536 migremus,
506 2483 626 2536 quod
666 2497 756 2536 quo
793 2482 962 2523 diutius
999 2482 1218 2532 differtur,
1260 2497 1314 2525 eo
1353 2482 1583 2524 molestius
1616 2482 1822 2526 efficitur.

200 2559 337 2602 Certe
361 2559 397 2600 si
421 2573 502 2600 nos
524 2559 645 2613 ipsos
667 2558 1017 2611 consideremus,
1044 2558 1153 2599 nihil
1175 2559 1373 2613 optatius
1407 2559 1521 2600 foret
1553 2572 1685 2612 quam
1716 2572 1822 2600 con—

199 2643 348 2677 suetas
378 2635 616 2678 Societatis
646 2642 825 2678 nostrae
855 2634 1110 2676 functiones
1133 2634 1177 2676 in
1207 2635 1408 2690 collegiis
1438 2635 1601 2687 subire,
1634 2634 1754 2689 quod
1779 2641 1825 2676 ut
1886 2647 1887 2651 ’

199 2725 330 2765 quam
355 2711 547 2765 primum
566 2712 643 2754 fiat
667 2711 865 2766 quotidie
889 2725 1083 2753 oramus.
1116 2711 1329 2754 Videmus
1352 2711 1517 2754 etenim
1543 2711 1709 2765 ubique
1728 2724 1824 2765 per-

200 2787 504 2829 turbationum
523 2787 925 2843 etssdistractionum
943 2788 1254 2841 malorumque
1271 2787 1472 2829 omniurn
1492 2787 1603 2830 retia
1621 2794 1821 2829 extensa.

201 2864 254 2904 Et
273 2863 357 2905 nisi
376 2878 457 2905 nos
475 2879 553 2919 per
570 2863 870 2907 obedientiam
896 2865 983 2905 huc
1007 2863 1166 2905 missos
1194 2863 1428 2915 sciremus,
1451 2864 1656 2919 profecto
1679 2861 1824 2904 omnis

201 2940 308 2980 hora
327 2940 480 2994 grauis
505 2949 637 2984 esset.
662 2942 830 2982 Verum
851 2939 1143 2994 relinquimus
1165 2941 1314 2982 omnia
1332 2939 1651 2995 omnipotentis
1674 2938 1758 2982 Dei
1781 2944 1824 2980 et
1882 2950 1883 2976 3

200 3016 439 3058 Societatis
468 3024 647 3060 nostrae
670 3016 1004 3073 dispo[si]tioni,
1031 3017 1163 3058 modo
1189 3031 1269 3058 nos
1292 3016 1335 3058 in
1360 3016 1616 3058 obedientia
1639 3022 1683 3058 et
1705 3014 1822 3056 viua-
