1891 3292
542 210 1020 248 EPHEMERIDES.—AUG.
1049 222 1136 258 1557
1546 216 1617 250 503

30 315 80 358 tis
108 310 290 366 negotia
319 310 580 365 gubernari.
612 312 751 353 Certo
782 315 1045 368 approbatio
1079 316 1197 357 sedis
1221 317 1512 369 apostolicae,
1545 325 1663 359 ratas

28 387 120 418 esse
137 369 266 412 iussit
288 369 654 419 constitutiones,
682 385 734 413 eo
760 371 856 425 ipso
880 374 1036 430 quo[d]
1072 389 1095 415 a
1121 376 1218 417 R.‘¹0
1240 376 1287 418 P.
1317 377 1490 431 ignatio
1513 385 1663 419 essent

28 429 322 483 conscriptae:
351 428 619 482 conscripsit
642 428 754 483 ipse,
784 433 1059 485 promulgari
1079 446 1153 475 eas
1173 434 1306 476 iussit
1327 450 1401 488 per
1421 450 1492 477 me
1516 435 1559 476 in
1580 435 1659 477 Hi-

28 488 209 546 spaniis,
237 487 494 534 Lusitania,
522 488 793 539 Germania,
829 498 873 532 et
909 492 1053 543 ltalia,
1077 500 1121 533 et
1146 493 1280 534 uiuus
1311 495 1457 534 adhuc
1486 494 1665 548 proprio

27 563 99 592 ore
128 546 256 589 nobis
293 547 407 588 dixit
441 554 484 589 et
518 546 714 588 iniunxit
744 555 794 588 ut
823 550 1182 593 obseruaremus.
1224 553 1360 606 Quod
1391 561 1539 595 autem
1575 568 1664 594 non

27 607 335 651 obseruauerit
358 605 390 657 ⁹,
418 620 524 660 prae
548 606 806 649 humilitate
831 608 991 651 fecisse
1015 610 1207 653 videtur.

111 667 189 707 Est
211 666 323 707 haec
348 664 542 707 maxima
568 665 822 716 tribulatio,
850 675 892 708 et
925 682 1039 722 quae
1069 669 1246 711 diabolo
1271 669 1516 724 instigante
1551 670 1661 712 dire·

27 733 94 768 cte
116 724 271 766 tendat
295 724 351 765 ad
377 724 515 765 totius
547 724 789 767 Societatis
819 727 1188 770 destructionem.
1225 729 1394 770 Verum
1428 737 1525 782 post
1550 730 1661 770 mul-

27 792 109 827 tam
134 783 546 826 considerationem
572 791 616 824 et
639 784 907 835 orationem,
938 786 1173 840 plurimum
1199 788 1484 828 consolamur
1504 788 1546 828 in
1572 789 1662 829 Do-

27 843 159 896 mino,
178 844 348 896 absque
368 842 543 894 timore,
557 842 666 884 nihil
684 843 946 892 dubitantes
967 845 1070 898 quia
1090 846 1239 888 omnia
1258 846 1313 887 ad
1332 847 1474 887 maius
1493 847 1659 888 bonum

26 901 260 947 Societatis
283 902 463 945 cedent.
491 902 673 943 Interim
700 910 850 945 tamen
875 903 1129 946 iudicamus
1152 905 1495 959 diligentissime
1514 920 1657 957 agen—

25 963 125 1005 dum
148 975 247 1004 esse
272 968 321 1002 ut
346 974 467 1002 nunc
492 960 630 1004 semel
656 969 750 1003 tota
774 961 859 1003 ista
883 963 1070 1004 ambitio
1091 964 1273 1018 penitus
1297 964 1599 1018 praecidatur.

110 1020 245 1074 Quod
277 1020 315 1060 si
348 1021 461 1061 haec
486 1021 644 1063 eadem
680 1027 780 1075 post
804 1035 948 1064 annos
970 1022 1139 1076 aliquot
1168 1023 1449 1076 contigisset,
1484 1023 1662 1076 quando

26 1079 167 1122 minus
185 1080 307 1132 ‘forte
332 1078 493 1133 poterit
517 1079 577 1121 illi
601 1080 790 1128 obuiari‚
811 1081 1052 1122 maximum
1078 1090 1227 1136 posset
1250 1083 1408 1125 afferre
1431 1083 1659 1125 damnum.

26 1140 173 1195 Quare
196 1146 240 1180 et
263 1139 517 1180 laudandus
540 1146 607 1181 est
632 1139 871 1193 Dominus,
904 1142 1023 1194 quod
1062 1141 1152 1182 cito
1185 1141 1309 1183 dedit
1333 1142 1443 1182 haec
1468 1141 1658 1195 deprae-

25 1197 170 1241 hendi.

109 1257 340 1300 Statutum
360 1264 508 1298 autem
529 1265 611 1309 est,
631 1272 688 1300 ne
707 1258 808 1312 quis
827 1266 1159 1312 corrumpatur,
1182 1266 1230 1299 ut
1254 1259 1405 1299 nullus
1428 1259 1533 1299 dum
1554 1259 1663 1300 haec

25 1316 184 1358 durant
213 1317 397 1357 domum
430 1317 566 1358 uadat
603 1316 688 1358 nisi
727 1325 919 1372 urgente
949 1318 1236 1371 necessitate,
1271 1326 1314 1359 et
1348 1333 1403 1360 ne
1433 1319 1532 1372 quis
1560 1331 1662 1359 cum

25 1375 168 1430 aliquo
191 1376 311 1417 domi
335 1381 673 1418 commorantet
696 1377 922 1430 loquatur.

108 1434 294 1477 Dixerat
324 1436 376 1477 Ρ.
413 1435 604 1477 Pontius
632 1435 863 1478 Gulielmo
895 1450 1129 1491 germano:
1166 1435 1398 1489 Hispanos
1430 1436 1547 1478 bene
1579 1444 1663 1476 tra-

23 1501 158 1546 ctant3
185 1508 268 1536 uos
291 1501 442 1536 autem
468 1508 559 1536 non
583 1509 716 1537 secus
734 1509 869 1549 quam
890 1495 925 1536 si
945 1495 1115 1537 bestiae
1134 1495 1307 1537 essetis.
1330 1495 1421 1537 Sed
1444 1509 1545 1549 age,
1573 1495 1664 1535 cito

25 1553 179 1595 iterum
206 1553 410 1596 minister
431 1568 525 1605 ero,
552 1562 596 1597 et
622 1563 715 1596 tum
742 1554 941 1609 benigne
974 1568 1054 1595 uos
1084 1555 1267 1595 curabo.
1295 1554 1392 1608 Ipse
1423 1568 1530 1595 uero
1559 1554 1662 1596 Gu-

24 1612 192 1654 lielmus
210 1615 322 1656 haec
341 1614 396 1655 ad
416 1613 670 1667 superiores
690 1614 859 1665 retulit,
881 1623 923 1657 et
944 1613 1005 1654 ita
1020 1627 1119 1655 esse
1138 1613 1314 1668 propria
1333 1612 1573 1667 scriptione
1593 1621 1661 1654 te-

24 1679 162 1714 status
186 1679 270 1714 est.
1018 1685 1022 1689 ·

108 1732 175 1773 De
205 1731 441 1773 autoribus
469 1731 606 1773 huius
637 1732 809 1787 negotii
838 1746 1071 1786 nunquam
1102 1731 1299 1773 iudicaui
1330 1731 1452 1784 quod
1478 1737 1664 1784 peccent

25 1790 266 1833 mortaliter
290 1792 360 1833 vel
384 1791 529 1845 aliter,
552 1792 761 1845 quamuis
784 1791 929 1833 dicam
954 1804 1103 1846 saepe:
1132 1792 1232 1833 Hoc
1258 1804 1345 1832 non
1372 1789 1478 1830 mihi
1503 1790 1662 1844 placet3

26 1849 121 1892 Hoc
144 1850 257 1891 nihil
280 1859 362 1901 est,
392 1858 499 1893 etc.:
529 1851 753 1893 Dominus
777 1851 833 1892 sit
857 1851 1035 1893 illorum
1060 1850 1211 1892 iudex.

108 1911 175 1952 De
199 1910 413 1965 pontifice
436 1910 547 1952 nihil
572 1924 772 1964 unquam
799 1911 914 1952 male
938 1910 1093 1960 metui,
1121 1910 1200 1950 sed
1224 1916 1322 1963 post
1346 1908 1527 1963 longam
1560 1907 1664 1948 deli-

25 1968 300 2012 berationem
319 1984 496 2024 semper
514 1970 730 2012 constitui
752 1970 900 2012 obuiis
925 1969 1042 2011 ulnis
1060 1968 1408 2023 amplexandum
1428 1981 1526 2010 esse
1544 1966 1664 2020 quic-

25 2027 126 2082 quid
150 2030 331 2070 tandem
360 2029 432 2071 ille
457 2029 700 2071 autoritate
723 2029 967 2084 apostolica
991 2030 1046 2072 de
1070 2028 1297 2072 Societate
1320 2026 1541 2069 statuerit.
1564 2027 1665 2068 Non

25 2086 136 2129 enim
161 2096 310 2142 potest
333 2103 425 2130 non
448 2103 473 2130 a
498 2090 595 2131 Deo
626 2090 712 2130 hoc
735 2103 850 2132 esse.
879 2091 936 2132 Et
965 2088 1185 2130 autoritas
1214 2086 1460 2142 apostolica
1489 2100 1666 2139 semper

25 2144 66 2187 in
89 2147 299 2189 omnibus
322 2155 389 2190 est
415 2147 632 2203 propicia,
660 2149 828 2203 quippe
851 2163 967 2203 quae
994 2147 1280 2190 uocationem
1315 2154 1516 2187 nostram
1546 2158 1665 2185 com-

26 2206 178 2259 probat
200 2221 300 2250 esse
319 2221 343 2248 a
363 2208 476 2251 Deo.
500 2208 656 2262 Quare
679 2215 724 2251 et
747 2209 790 2249 in
814 2207 1028 2249 omnibus
1052 2206 1123 2249 his
1147 2205 1319 2247 animos
1342 2212 1521 2246 nostros
1541 2204 1666 2245 vnire

26 2263 239 2308 debemus
263 2266 306 2307 in
332 2268 416 2308 hac
439 2274 596 2308 sancta
627 2267 870 2310 uocatione
894 2274 1062 2317 nostra,
1090 2264 1309 2307 sacrificia
1337 2263 1597 2317 quotidiana
1621 2270 1665 2305 et

26 2324 246 2369 orationes
270 2325 379 2367 alias
402 2341 482 2381 pro
504 2328 590 2368 hoc
616 2326 803 2382 negotio
827 2327 1008 2377 offerre,
1034 2326 1364 2379 circumspecte
1393 2336 1529 2377 agere
1559 2335 1662 2362 cum

25 2383 118 2425 aliis
135 2385 346 2427 omnibus
366 2392 414 2426 ut
434 2386 584 2428 unitos
603 2386 648 2427 in
667 2401 776 2428 uero
795 2386 955 2441 spiritu
980 2400 1062 2427 nos
1081 2397 1421 2435 conseruemus‚
1444 2389 1487 2424 et
1507 2394 1664 2422 omnes

27 2441 142 2485 mille
164 2444 309 2486 oculis
333 2445 648 2487 obseruemus.

111 2503 201 2545 Pro
225 2504 568 2548 confirmatione
592 2504 842 2546 vocationis
866 2513 1047 2546 nostrae
1064 2501 1401 2544 obseruandum
1437 2507 1504 2541 est
1528 2512 1661 2552 quarn

26 2559 279 2605 mirabiliter
303 2577 389 2605 nos
412 2564 637 2606 Dominus
659 2564 839 2606 interno
863 2578 946 2605 suo
968 2562 1185 2604 instinctu
1212 2559 1401 2602 uocarit.
1431 2559 1483 2599 Et
1504 2571 1661 2598 curan-

27 2618 127 2662 dum
156 2622 398 2677 diligenter
426 2631 476 2666 ut
505 2624 828 2666 confirmemur
861 2637 1039 2677 semper
1069 2620 1213 2674 magis
1243 2633 1296 2660 ac
1325 2617 1471 2672 magis
1500 2616 1543 2657 in
1575 2617 1661 2657 hac

27 2686 144 2722 recta
160 2681 293 2725 linea:
315 2683 455 2738 Deus,
477 2683 704 2738 Christus,
728 2682 888 2738 religio
908 2697 932 2724 a
953 2684 1006 2725 P.
1028 2679 1208 2736 Ignatio
1226 2677 1431 2719 instituta
1450 2683 1493 2719 et
1513 2690 1538 2717 a
1556 2675 1662 2718 sede

91 2806 102 2826 t
147 2806 482 2835 commemorante
501 2812 576 2837 ms.

90 2905 104 2925 ⁹
151 2907 365 2951 Intelligas‚
386 2918 454 2952 pro
472 2905 681 2952 adjunctis,
705 2905 831 2952 «quod
854 2916 930 2939 non
950 2902 1242 2938 observaverit»
1262 2899 1582 2951 constitutionem
1613 2898 1660 2932 de

27 2952 202 2997 eligendo
221 2954 379 2989 vicario:
400 2953 503 2988 unde
531 2953 791 2988 nominandus
815 2953 888 2987 fuit
916 2964 937 2986 a
965 2950 1165 2985 sodalibus
1192 2947 1377 2994 professis
1397 2946 1659 2981 exstantlbus.

27 2998 180 3037 Romae.
202 3001 262 3037 Cf.
287 3001 401 3036 Lain.
424 3001 622 3043 Mouum„
648 3000 677 3045 Ι,
709 3001 792 3043 284,
820 3006 896 3034 etc.
927 2999 1042 3033 Porro
1068 2997 1115 3031 de
1135 2997 1205 3031 hac
1230 3007 1271 3030 re
1298 3001 1378 3029 tota
1405 2993 1464 3028 fac
1481 2994 1661 3028 consulas

27 3046 175 3084 Bobad.
196 3048 392 3092 Manum„
412 3057 470 3083 ΧΠ
489 3060 588 3095 sqq.‚
614 3048 693 3092 184,
716 3054 808 3091 etc.;
830 3053 868 3081 et
890 3047 1016 3092 Epist.
1041 3046 1086 3080 Ρ.
1108 3044 1258 3084 Ναάαἰ,
1279 3042 1346 3085 IV,
1367 3040 1412 3086 98
1432 3053 1517 3087 sqq.
