1891 3292
483 182 1139 220 EPHEMERIDES.-FEBR.-MART.
1173 192 1259 227 1557
1570 194 1636 227 595

700 350 761 378 DE
785 350 1058 381 FEBRUARIO

63 476 66 480 ,
142 432 294 476 Primo
316 431 389 474 die
411 431 659 481 Februarii,
687 431 762 484 qui
785 440 880 474 erat
898 434 1060 474 festum
1087 435 1143 476 D.
1169 434 1344 488 Ignatii,
1368 433 1580 488 peculiari
1606 433 1682 475 sti-

56 494 174 537 mulo
195 490 387 534 exortati
409 497 515 532 sunt
538 490 698 531 fratres
720 490 763 531 in
790 492 977 544 prandio
995 493 1050 533 ad
1075 493 1414 546 perfectionem,
1436 501 1478 534 et
1503 493 1678 546 regula-

56 567 168 605 rum,
191 550 429 606 praecipue
447 563 555 591 vero
578 549 842 601 modestiae,
866 550 1248 594 obseruationem.

143 609 210 665 3.⁰
234 609 370 651 huius
395 610 581 650 Romam
612 607 742 650 rediit
772 610 825 650 R.
856 610 905 650 P.
936 610 1098 651 Petrus
1130 610 1432 653 Ribaddinera
1462 625 1550 652 vna
1581 625 1683 652 curn

54 670 255 715 Gerardo
277 676 322 711 et
344 669 529 710 doctore
552 667 788 717 Ledesma,
811 667 1027 709 mirabilia
1047 683 1232 711 narrans
1255 670 1311 710 de
1334 683 1481 711 rerum
1505 669 1681 710 flandri-

53 743 203 773 carum
227 741 463 770 succeSSU.

146 800 198 841 14
220 787 354 829 huius
379 787 567 828 Romam
597 793 821 827 venerunt
858 797 906 838 13
937 787 1111 828 fratres:
1141 794 1334 840 quatuor
1366 787 1568 839 Perusia,
1596 794 1685 828 tres

55 847 255 899 Colonia,
275 860 392 887 vnus
411 843 615 887 Venetiis
638 851 683 884 et
706 843 866 900 reliqui
889 845 1070 887 Loreto.

141 905 272 949 Circa
295 911 400 947 2o.¹²²
429 903 565 945 huius
596 903 854 956 frequentes
882 903 1098 945 lectiones
1127 903 1249 954 fecit,
1282 905 1412 946 nobis
1442 904 1684 958 praesenti·

54 965 153 1016 bus,
178 963 500 1008 dilectissimus
525 963 659 1004 frater
686 970 838 1005 noster
871 963 950 1004 Dr.
977 963 1213 1006 Ledesma.
1242 964 1366 1006 Fecit
1389 978 1497 1006 vero
1520 964 1575 1004 ad
1597 964 1684 1003 mi-

55 1025 256 1068 raculum
282 1037 424 1077 Vsque
447 1021 664 1077 insignes.

142 1096 198 1137 24
220 1083 356 1125 huius
378 1090 602 1124 venerunt
624 1080 681 1122 ad
703 1080 946 1133 collegium
977 1080 1133 1124 Simon
1164 1081 1367 1135 prussius
1396 1088 1440 1123 et
1476 1082 1683 1135 Prosper.

746 1206 809 1235 DE
833 1206 1016 1235 MARTIO

143 1289 210 1345 3.⁰
229 1289 378 1333 Martii
401 1288 654 1330 iniunctum
674 1295 742 1329 est
764 1287 973 1329 omnibus
997 1288 1040 1329 in
1065 1289 1270 1340 collegio,
1290 1295 1334 1329 vt
1359 1288 1580 1342 frequenti
1605 1302 1686 1329 vsu

54 1350 181 1394 latini
204 1348 424 1391 sermonis
446 1348 502 1390 ad
524 1346 642 1389 illius
666 1347 908 1402 puritatem
931 1348 1271 1404 contenderent.

62 1451 64 1453 .
140 1409 309 1452 Eodem
342 1410 428 1450 hoc
458 1407 546 1459 die,
579 1407 654 1461 qui
687 1414 782 1450 erat
816 1406 911 1449 dies
945 1406 1176 1458 Cinerum,
1202 1407 1321 1449 venit
1355 1409 1409 1450 ad
1442 1406 1681 1461 collegium

54 1471 106 1513 R.
134 1471 186 1511 P.
215 1467 479 1518 Madridius,
507 1474 551 1507 et
575 1480 677 1507 cum
702 1465 798 1508 aliis
822 1466 946 1508 Rdis.
982 1466 1190 1508 Patribus
1220 1467 1384 1509 nostris
1414 1467 1468 1508 de
1497 1464 1688 1520 singulis

54 1528 267 1571 fratribus
291 1528 346 1569 ad
369 1540 418 1568 se
442 1525 614 1572 vocatis
645 1525 879 1567 constituit
911 1532 1130 1580 quantum
1160 1526 1350 1581 quisque
1374 1532 1524 1581 posset
1548 1533 1591 1567 et
1615 1525 1688 1566 de-

53 1589 178 1630 beret
202 1586 419 1630 ieiunare.

36 1658 40 1661 '
141 1646 278 1690 Venit
301 1646 357 1688 ad
380 1645 622 1702 collegium
648 1646 839 1687 Ioannes
861 1646 1039 1686 Marcus
1063 1658 1163 1685 cum
1189 1644 1382 1698 quodam
1407 1643 1508 1685 alio.

140 1718 168 1759 4
184 1705 224 1749 ,Θ
269 1705 421 1748 Martii
471 1711 743 1760 acceperunt
787 1703 975 1758 primam
1026 1711 1254 1745 tonsuram
1300 1705 1362 1745 D.
1409 1700 1685 1750 Friderieus,

55 1767 115 1809 M.
143 1766 311 1807 Paulus
335 1765 574 1815 Hoffaeus,
601 1763 830 1807 Henricus
853 1763 1037 1815 flander,
1063 1764 1123 1805 M.
1147 1763 1351 1813 Iacobus,
1373 1770 1417 1805 et
1441 1760 1686 1804 Theodori-

55 1839 133 1867 cus
156 1825 315 1868 Maior.
344 1826 516 1866 Ductor
539 1823 716 1866 illorum
737 1830 831 1864 erat
852 1825 914 1866 M.
936 1822 1143 1873 Fuluius3
1164 1829 1207 1864 et
1232 1836 1312 1877 pro
1338 1819 1611 1876 poenitentia
1630 1819 1692 1860 di-

56 1890 217 1927 xerunt
241 1895 265 1937 7
290 1883 485 1939 psalmos
509 1882 869 1938 poenitentiales.

142 1944 228 1985 Iuit
251 1944 408 1998 Tybur
432 1943 694 1987 Suetonius.
717 1942 990 1997 Sepulturae
1010 1940 1200 1982 traditus
1224 1946 1291 1983 est
1311 1938 1534 1995 generalis
1553 1937 1693 1980 domi-

59 2016 341 2045 nicanorum.

144 2062 211 2116 5.⁰
234 2062 371 2104 huius
393 2061 527 2104 iidem
551 2061 612 2102 illi
636 2059 902 2116 praescripti
925 2066 1226 2114 susceperunt
1245 2068 1327 2112 4.0s
1350 2058 1561 2099 minores.
1586 2058 1693 2099 Item

56 2135 133 2176 pro
155 2121 436 2177 poenitentia
453 2121 666 2164 dixerunt
686 2131 710 2173 7
735 2120 931 2175 psalmos
957 2119 1317 2173 poenitentiales.

143 2191 167 2233 7
191 2180 342 2236 huius,
370 2181 445 2236 qui
475 2188 571 2223 erat
596 2182 760 2222 festum
790 2180 837 2222 S.
877 2179 1082 2221 Thomae
1113 2177 1371 2233 Aquinatis,
1399 2183 1443 2219 et
1472 2174 1696 2217 dominica

0 2290 1 2296 ¹
57 2240 445 2295 quadragesimae,
466 2239 700 2281 inchoavit
725 2239 886 2282 iterum
911 2251 1013 2279 cum
1040 2252 1208 2292 magno
1226 2238 1444 2292 applausu
1467 2236 1520 2277 R.
1544 2234 1590 2275 Ρ.
1612 2234 1693 2275 La-

55 2313 196 2353 yenez
221 2299 572 2355 praelectionem
597 2301 799 2342 Actuum
825 2298 1166 2352 Apostolorum.

146 2359 169 2400 8
194 2358 329 2401 huius
352 2360 456 2401 data
479 2358 609 2400 nobis
632 2366 700 2401 est
725 2358 915 2399 facultas
938 2372 962 2398 a
984 2358 1035 2400 S.
1069 2358 1112 2399 S.
1137 2354 1425 2411 promerendi
1445 2352 1688 2406 indulgen-

59 2416 141 2459 tias
173 2432 330 2460 omnes
363 2418 626 2471 stationum,
652 2418 877 2459 visitando
913 2423 1110 2457 nostram
1145 2414 1396 2457 ecclesiam.
1437 2412 1691 2454 Iniunctuni

59 2490 162 2518 vero
183 2484 251 2519 est
275 2485 322 2519 vt
350 2478 406 2520 ad
435 2477 615 2533 singula
644 2476 801 2520 altaria
831 2475 1009 2517 nonnisi
1047 2476 1102 2516 ad
1133 2475 1327 2529 spatium
1360 2470 1574 2526 temporis
1606 2483 1695 2522 quo

57 2534 124 2577 bis
147 2544 295 2591 posset
320 2537 407 2579 dici
436 2539 569 2579 Pater
594 2544 637 2580 et
667 2538 775 2579 Aue
799 2537 1105 2577 haereremus.

150 2608 198 2649 13
222 2596 358 2638 huius
381 2596 515 2639 iidem
540 2597 601 2637 illi
627 2611 761 2650 supra
788 2594 1022 2646 nominati,
1055 2591 1325 2634 subdiaconi
1354 2588 1545 2632 ordinati
1569 2594 1692 2628 sunt.

59 2653 173 2696 Cum
216 2655 301 2697 illis
345 2669 452 2698 vero
495 2656 714 2698 diaconus
758 2655 1033 2697 Lambertus
1076 2665 1320 2706 germanus
1343 2683 1351 2700 ‚
1398 2657 1442 2691 et
1485 2647 1696 2689 sacerdos

59 2713 118 2755 M.
146 2715 430 2756 Thedoricus
454 2715 681 2758 Canisius.
708 2715 896 2756 Factum
924 2721 992 2755 est
1016 2712 1059 2752 in
1084 2711 1230 2764 capite
1255 2707 1626 2763 quadragesimae
1652 2706 1695 2745 in

59 2773 235 2826 publica
257 2773 541 2818 ordinatione
564 2775 608 2815 in
636 2774 802 2828 templo
825 2774 872 2816 S.
901 2773 1103 2813 Thomae
1136 2769 1423 2812 Notariorum
1448 2767 1503 2807 ab
1527 2765 1695 2828 episco-

59 2844 112 2885 po
138 2832 296 2875 Bobio.
324 2834 796 2876 Communicabantur
820 2830 1049 2886 plaerique
1075 2843 1249 2871 omnes.
1284 2828 1554 2870 Lambertus
1577 2837 1694 2864 rem-

61 2890 181 2933 tabat
204 2894 512 2947 euangelium,
539 2901 584 2935 et
609 2907 688 2948 pro
707 2890 986 2947 poenitentia
1013 2888 1263 2929 iniunctum
1288 2894 1369 2938 est,
1395 2884 1584 2940 primum
1610 2896 1695 2922 no-

63 2955 271 2992 cturnum
295 2952 343 2994 S.
376 2953 516 2995 Petri.

154 3019 201 3063 15
249 3010 384 3053 huius
428 3012 708 3055 constitutus
751 3016 819 3052 est
863 3008 907 3049 in
952 3006 1144 3061 collegio
1187 3006 1440 3060 praefectus
1482 3000 1697 3044 orationis
