1891 3292
236 213 303 257 372
733 212 922 245 Forma
953 221 1270 246 COMPLEMENTA

192 314 263 356 alli
288 313 409 367 quali
432 326 516 353 con
547 319 676 366 tropo
707 313 837 355 fretta
866 312 900 353 si
931 327 1042 353 sono
1076 313 1283 367 applicati
1315 314 1640 368 gl'humanisffi,
1659 305 1760 355 'non
1784 315 1816 356 si

193 389 427 432 fundando
452 389 557 442 hen,
584 402 711 430 come
734 388 966 443 soleuanO,
994 389 1108 430 nella
1132 389 1356 430 rhetorica
1379 396 1422 431 et
1446 389 1617 444 lingue,
1643 389 1742 432 anzi
1766 390 1819 433 ne

191 467 334 507 anche
357 463 718 518 nell'humanita,
745 472 813 505 sta
843 465 979 505 molto
1009 464 1253 506 indebolita
1284 464 1328 506 in
1358 472 1515 519 questa
1550 473 1690 520 parte,
1725 473 1769 507 et
1791 466 1819 521 li

192 542 374 584 farebbe
397 541 535 582 molto
559 541 709 583 buona
733 554 871 594 opera
894 541 948 583 V.
978 542 1049 591 R,
1077 555 1123 582 se
1148 543 1339 583 hauesse
1371 542 1563 594 qualche
1586 543 1707 583 buon
1732 557 1819 583 rna-

192 627 300 669 str0‚
332 618 646 672 spetialmente
676 616 719 658 di
750 617 988 672 rhetorica,
1021 631 1098 672 per
1131 618 1362 659 mandarlo
1394 617 1437 658 in
1469 625 1629 671 queste
1657 619 1818 673 bande,

192 695 374 749 quando
399 694 574 736 cessino
597 707 682 735 con
706 694 747 734 la
771 693 924 735 diuina
949 694 1092 748 gratia
1117 694 1263 747 questi
1289 693 1455 734 romori
1483 694 1527 734 di
1552 701 1693 748 peste3
1727 708 1821 748 per-

191 772 274 812 che
298 770 480 813 dandoli
507 770 645 811 buoni
669 769 857 824 ingegni
880 785 957 825 per
980 770 1195 825 discepoli
1222 769 1361 823 (quali
1383 784 1494 811 sono
1516 770 1631 812 assai
1649 770 1692 810 in
1717 784 1822 824 que-

193 854 260 889 sta
294 847 542 902 prouincia)
578 847 797 900 potrebbe
827 846 1084 890 facilmente
1114 849 1280 888 tornar’
1316 861 1339 887 a
1368 846 1488 887 fiorir
1523 847 1639 889 nelle
1667 847 1823 889 lettere

192 926 406 975 humane,
433 931 476 966 et
507 924 729 978 proueder
752 938 841 964 non
871 924 1118 966 solamente
1148 938 1171 964 a
1201 937 1249 964 se
1278 930 1437 977 stessa‚
1465 937 1534 964 ma
1563 924 1709 965 anche
1731 924 1822 964 dar'

193 1000 316 1042 aiuto
339 1001 393 1042 ad
417 1001 528 1043 altre
552 1000 622 1041 Col
647 1007 811 1054 tempo.
840 1000 1144 1041 All’incontro
1168 1000 1204 1040 si
1229 1001 1355 1054 potra
1385 1000 1585 1041 mandar'
1611 999 1654 1040 in
1685 1000 1823 1041 Roma
1854 1035 1857 1040 .

196 1093 254 1119 un
279 1078 478 1133 giouane
501 1077 725 1118 chiamato
747 1077 949 1119 Gioseffo
968 1078 1190 1127 Lucerna,
1217 1077 1245 1117 il
1266 1077 1369 1130 qual
1389 1077 1513 1130 potr-a
1533 1077 1692 1131 legger
1716 1077 1823 1118 l'he-

195 1156 301 1196 breo
331 1162 375 1195 et
404 1155 550 1196 anche
580 1154 608 1194 il
639 1168 776 1208 greco
806 1154 848 1194 in
881 1153 1021 1203 Italia,
1054 1162 1097 1194 et
1127 1167 1230 1195 esso
1261 1153 1466 1196 desidera
1497 1154 1632 1194 molto
1666 1160 1824 1207 questa

196 1231 459 1272 mutatione.
487 1231 607 1273 Vero
630 1231 653 1272 0
678 1231 761 1272 che
784 1230 883 1272 altri
907 1229 1032 1271 molti
1057 1230 1083 1269 li
1107 1244 1188 1270 son
1213 1230 1455 1284 compagni
1485 1229 1529 1270 in
1561 1238 1720 1283 questo
1744 1229 1820 1270 de-

195 1307 375 1361 siderio,
402 1321 528 1348 come
551 1307 661 1349 altre
685 1307 807 1347 uolte
830 1308 887 1347 ho
911 1306 1067 1347 scritto
1085 1305 1116 1348 ³.

284 1396 326 1435 4.
394 1384 467 1424 Ho
498 1390 675 1424 trouato
709 1384 793 1424 che
826 1382 869 1422 in
904 1391 1063 1435 questo
1097 1382 1291 1437 collegio
1326 1384 1534 1424 haueuan
1568 1382 1751 1423 lasciato
1783 1383 1825 1424 di

197 1467 351 1500 cantar
374 1460 415 1500 la
438 1473 583 1501 messa
606 1466 649 1500 et
671 1473 828 1513 vespro
851 1459 1058 1513 parecchi
1088 1459 1196 1501 mesi
1227 1474 1338 1500 sono
1369 1474 1446 1513 per
1477 1460 1683 1501 occasion
1713 1461 1825 1502 della

198 1544 336 1590 peste,
364 1543 408 1578 et
433 1535 625 1577 riusciua
652 1543 812 1590 questo
836 1535 1067 1578 essercitio
1093 1543 1218 1577 tanto
1244 1536 1415 1587 freddo,
1439 1544 1481 1578 et
1507 1536 1549 1577 di
1571 1544 1693 1579 tanto
1717 1550 1825 1591 poca

193 1612 480 1655 edificatione
514 1621 558 1654 et
592 1611 922 1665 consolatione,
960 1613 1044 1653 che
1077 1611 1211 1653 etiam
1246 1612 1380 1665 quelli
1415 1613 1497 1654 che
1530 1614 1738 1655 haueuan
1773 1614 1826 1655 da

195 1688 334 1730 sentir
360 1690 397 1729 la
425 1688 606 1742 predica
630 1703 656 1729 o
680 1688 882 1741 lenione,
910 1688 1096 1730 intendo
1119 1687 1155 1729 si
1178 1688 1566 1743 spasseggiauano
1591 1690 1689 1730 fuor
1714 1690 1826 1732 della

197 1765 350 1806 chiesa
374 1765 490 1805 insin
515 1766 599 1807 che
622 1765 650 1805 il
681 1772 815 1805 canto
848 1766 970 1806 fusse
999 1764 1142 1806 finito.
1182 1765 1354 1806 Perche
1388 1765 1432 1805 in
1469 1779 1592 1815 uero,
1630 1766 1705 1820 qui
1739 1780 1825 1807 non

197 1856 340 1882 sanno
364 1843 450 1884 ben
475 1822 674 1894 cantare,
703 1841 756 1883 ne
780 1841 816 1882 si
839 1841 1056 1883 dilettano
1079 1841 1121 1883 di
1153 1841 1317 1896 quello;
1351 1841 1450 1883 anzi
1479 1855 1554 1884 era
1583 1850 1741 1896 questa
1773 1842 1824 1883 ri-

196 1925 351 1971 putata
376 1917 490 1959 assai
515 1932 738 1972 grauezza
762 1917 834 1958 dai
859 1917 1017 1958 scolari
1041 1932 1066 1958 o
1092 1918 1200 1971 preti
1232 1919 1316 1960 che
1346 1925 1615 1971 cantauano;
1644 1926 1687 1962 et
1707 1933 1826 1960 man-

195 1986 287 2036 dati
311 1994 338 2035 li
365 1994 479 2035 corsi
505 1995 651 2046 fuora,
679 2009 700 2034 a
728 1994 859 2036 fatica
885 1994 923 2035 ci
954 1994 1070 2036 saria
1104 1994 1175 2035 chi
1208 2001 1385 2048 potesse
1418 2002 1601 2037 cantare
1630 1996 1745 2038 bene
1775 1995 1828 2038 ne

203 2071 331 2114 male.
356 2071 491 2113 Gl'ho
512 2071 637 2112 detto
660 2072 745 2113 che
769 2086 858 2111 non
884 2071 1095 2125 ripiglino
1126 2071 1152 2111 il
1177 2078 1325 2124 canto,
1358 2070 1489 2112 etiam
1515 2073 1597 2114 che
1631 2085 1826 2113 cessasse

200 2148 241 2188 la
266 2156 407 2201 peste,
434 2147 595 2189 insin’a
625 2155 749 2188 tanto
772 2149 855 2188 che
886 2161 1035 2202 uenga
1066 2147 1220 2189 ordine
1243 2148 1298 2188 da
1323 2149 1376 2189 V.
1414 2149 1465 2189 Ρ.
1499 2148 1542 2189 di
1573 2149 1825 2190 continuar·
1889 2153 1891 2198 j

200 2225 256 2267 lo.
285 2224 340 2265 Et
364 2238 412 2266 se
437 2225 568 2264 uorra
590 2223 796 2265 intendes
821 2223 908 2265 mio
939 2238 1066 2278 parer
1096 2225 1152 2266 V.
1189 2226 1260 2274 R,
1286 2225 1476 2266 sarebbe
1499 2226 1584 2265 che
1608 2239 1696 2266 non
1727 2238 1826 2265 con-

203 2315 349 2356 uenga
384 2300 646 2355 ripigliarlo,
685 2300 843 2354 poiche
874 2316 963 2342 non
994 2301 1059 2343 c'e
1090 2301 1257 2355 obligo,
1291 2309 1334 2342 et
1365 2315 1467 2343 cesa
1500 2301 1530 2342 il
1559 2302 1648 2344 fine
1681 2317 1759 2356 per
1786 2302 1826 2343 lo
1889 2318 1891 2320 ·

200 2378 332 2432 quale
355 2378 394 2419 le
420 2376 735 2419 constitutioni
760 2384 1042 2431 permettono
1065 2378 1092 2418 il
1117 2385 1268 2419 canto.

294 2464 334 2507 5.
402 2454 434 2495 ll
460 2455 510 2495 P.
537 2455 753 2495 Ferrante
776 2453 1012 2504 d'Afflitto,
1041 2454 1252 2496 mandato
1276 2455 1332 2495 da
1358 2454 1553 2496 Messina
1577 2469 1600 2496 a
1627 2455 1827 2497 Palermo

204 2545 286 2572 con
313 2529 511 2582 uolonta,
537 2529 636 2572 anzi
659 2544 683 2571 a
708 2529 893 2584 petition
919 2529 990 2572 dei
1014 2529 1111 2571 suoi
1136 2537 1179 2572 et
1202 2544 1285 2571 con
1319 2545 1447 2584 parer
1476 2531 1545 2573 del
1577 2531 1767 2583 medico,
1792 2529 1825 2572 si

202 2607 340 2649 lascio
365 2606 522 2648 andar’
547 2620 571 2647 a
602 2612 722 2647 certa
752 2619 854 2647 casa
884 2620 910 2647 o
943 2606 1047 2647 uilla
1076 2605 1120 2647 di
1150 2620 1232 2648 suo
1261 2607 1414 2661 padre,
1445 2620 1522 2661 per
1550 2607 1717 2648 curarsi
1746 2620 1824 2648 con

201 2683 407 2738 maggior
441 2682 618 2725 liberta.
656 2683 749 2725 Suo
783 2683 918 2736 padre
953 2681 1080 2736 mori,
1118 2689 1162 2723 et
1197 2697 1298 2724 esso
1330 2684 1372 2724 fa
1402 2683 1614 2725 instantia
1646 2682 1824 2726 d'esser’

204 2761 405 2801 assoluto
429 2759 532 2801 delli
562 2759 671 2813 uoti,
700 2773 776 2813 per
806 2767 932 2813 poter
961 2760 1225 2802 domandar’
1257 2760 1296 2800 al
1326 2774 1408 2801 suo
1438 2760 1610 2802 fratello
1638 2761 1678 2801 la
1707 2759 1826 2813 parte

208 2837 293 2877 che
314 2836 343 2877 li
369 2844 495 2878 tocca
518 2837 616 2878 dell'
640 2835 841 2878 heredita
878 2844 1074 2890 paterna.
1107 2837 1137 2877 11
1173 2836 1347 2878 medico
1379 2836 1489 2888 dice,
1525 2838 1610 2879 che
1644 2837 1687 2877 in
1723 2848 1826 2878 uero

276 3000 288 3018 3
340 2999 438 3034 Vide
458 3000 569 3043 infra,
592 3000 672 3044 2463
694 3005 732 3034 et
751 2999 801 3035 cf.
825 2999 1090 3040 Prooemium,
1114 3011 1198 3045 pag.
1221 3008 1330 3036 XXVI.
