<?xml version="1.0" encoding="UTF-8"?>
<!DOCTYPE html PUBLIC "-//W3C//DTD XHTML 1.0 Transitional//EN"
    "http://www.w3.org/TR/xhtml1/DTD/xhtml1-transitional.dtd">
<html xmlns="http://www.w3.org/1999/xhtml" xml:lang="en" lang="en">
 <head>
  <title>
</title>
<meta http-equiv="Content-Type" content="text/html;charset=utf-8" />
  <meta name='ocr-system' content='tesseract 3.04.00' />
  <meta name='ocr-capabilities' content='ocr_page ocr_carea ocr_par ocr_line ocrx_word'/>
</head>
<body>
  <div class='ocr_page' id='page_1' title='image "./polancicomplemen07pola_0259.png"; bbox 0 0 1891 3292; ppageno 0'>
   <div class='ocr_carea' id='block_1_1' title="bbox 509 226 1618 274">
    <p class='ocr_par' dir='ltr' id='par_1_1' title="bbox 509 226 1618 274">
     <span class='ocr_line' id='line_1_1' title="bbox 509 226 1618 274; baseline -0.002 -12"><span class='ocrx_word' id='word_1_1' title='bbox 509 230 644 263; x_wconf 81' lang='lat' dir='ltr'>EP1ST.</span> <span class='ocrx_word' id='word_1_2' title='bbox 671 236 845 272; x_wconf 77' lang='lat'><strong>190.-—-27</strong></span> <span class='ocrx_word' id='word_1_3' title='bbox 868 228 1070 274; x_wconf 63' lang='lat' dir='ltr'>JANUARH</span> <span class='ocrx_word' id='word_1_4' title='bbox 1104 229 1191 273; x_wconf 72' lang='lat'>¹575</span> <span class='ocrx_word' id='word_1_5' title='bbox 1553 226 1618 270; x_wconf 83' lang='lat'><strong>237</strong></span> 
     </span>
    </p>
   </div>
   <div class='ocr_carea' id='block_1_2' title="bbox 37 327 1684 2620">
    <p class='ocr_par' dir='ltr' id='par_1_2' title="bbox 37 327 1683 2373">
     <span class='ocr_line' id='line_1_2' title="bbox 38 327 1668 392; baseline -0.006 -15"><span class='ocrx_word' id='word_1_6' title='bbox 38 342 133 392; x_wconf 86' lang='lat' dir='ltr'><strong>pter</strong></span> <span class='ocrx_word' id='word_1_7' title='bbox 154 345 380 375; x_wconf 91' lang='lat' dir='ltr'><strong>summum</strong></span> <span class='ocrx_word' id='word_1_8' title='bbox 400 329 600 372; x_wconf 90' lang='lat' dir='ltr'><strong>studium</strong></span> <span class='ocrx_word' id='word_1_9' title='bbox 626 343 676 371; x_wconf 85' lang='lat' dir='ltr'><strong>ao</strong></span> <span class='ocrx_word' id='word_1_10' title='bbox 701 328 835 370; x_wconf 90' lang='lat' dir='ltr'><strong>animi</strong></span> <span class='ocrx_word' id='word_1_11' title='bbox 856 330 1058 371; x_wconf 81' lang='lat' dir='ltr'><strong>ardorem</strong></span> <span class='ocrx_word' id='word_1_12' title='bbox 1085 345 1175 384; x_wconf 86' lang='lat' dir='ltr'><strong>quo</strong></span> <span class='ocrx_word' id='word_1_13' title='bbox 1197 329 1374 372; x_wconf 84' lang='lat' dir='ltr'><strong>uineam</strong></span> <span class='ocrx_word' id='word_1_14' title='bbox 1394 327 1576 371; x_wconf 85' lang='lat' dir='ltr'>Domini</span> <span class='ocrx_word' id='word_1_15' title='bbox 1594 342 1668 369; x_wconf 86' lang='lat' dir='ltr'><strong>ex-</strong></span> 
     </span>
     <span class='ocr_line' id='line_1_3' title="bbox 37 405 1668 461; baseline -0.005 -8"><span class='ocrx_word' id='word_1_16' title='bbox 37 411 208 460; x_wconf 84' lang='lat' dir='ltr'><strong>colunt,</strong></span> <span class='ocrx_word' id='word_1_17' title='bbox 236 422 326 449; x_wconf 93' lang='lat' dir='ltr'><strong>non</strong></span> <span class='ocrx_word' id='word_1_18' title='bbox 350 408 497 449; x_wconf 85' lang='lat' dir='ltr'><strong>solum</strong></span> <span class='ocrx_word' id='word_1_19' title='bbox 522 406 564 447; x_wconf 92' lang='lat' dir='ltr'><strong>in</strong></span> <span class='ocrx_word' id='word_1_20' title='bbox 594 405 647 447; x_wconf 90' lang='lat' dir='ltr'><strong>iis</strong></span> <span class='ocrx_word' id='word_1_21' title='bbox 671 405 782 447; x_wconf 88' lang='lat' dir='ltr'><strong>loeis</strong></span> <span class='ocrx_word' id='word_1_22' title='bbox 807 405 971 459; x_wconf 88' lang='lat' dir='ltr'><strong>quibus</strong></span> <span class='ocrx_word' id='word_1_23' title='bbox 995 407 1186 461; x_wconf 80' lang='lat' dir='ltr'><strong>degunt,</strong></span> <span class='ocrx_word' id='word_1_24' title='bbox 1213 407 1291 449; x_wconf 84' lang='lat' dir='ltr'><strong>sed</strong></span> <span class='ocrx_word' id='word_1_25' title='bbox 1315 406 1448 448; x_wconf 87' lang='lat' dir='ltr'><strong>etiam</strong></span> <span class='ocrx_word' id='word_1_26' title='bbox 1473 406 1517 446; x_wconf 88' lang='lat' dir='ltr'><strong>in</strong></span> <span class='ocrx_word' id='word_1_27' title='bbox 1542 405 1594 446; x_wconf 86' lang='lat' dir='ltr'><strong>iis</strong></span> <span class='ocrx_word' id='word_1_28' title='bbox 1614 405 1668 446; x_wconf 89' lang='lat' dir='ltr'><strong>ad</strong></span> 
     </span>
     <span class='ocr_line' id='line_1_4' title="bbox 37 481 1667 543; baseline -0.004 -14"><span class='ocrx_word' id='word_1_29' title='bbox 37 501 148 543; x_wconf 89' lang='lat' dir='ltr'><strong>quae</strong></span> <span class='ocrx_word' id='word_1_30' title='bbox 173 500 271 528; x_wconf 91' lang='lat' dir='ltr'><strong>meo</strong></span> <span class='ocrx_word' id='word_1_31' title='bbox 294 491 472 539; x_wconf 86' lang='lat' dir='ltr'><strong>rogatu,</strong></span> <span class='ocrx_word' id='word_1_32' title='bbox 499 491 546 524; x_wconf 91' lang='lat' dir='ltr'><strong>ut</strong></span> <span class='ocrx_word' id='word_1_33' title='bbox 571 483 682 525; x_wconf 88' lang='lat' dir='ltr'><strong>ratio</strong></span> <span class='ocrx_word' id='word_1_34' title='bbox 705 482 840 523; x_wconf 83' lang='lat' dir='ltr'><strong>officii</strong></span> <span class='ocrx_word' id='word_1_35' title='bbox 861 481 945 524; x_wconf 91' lang='lat' dir='ltr'><strong>mei</strong></span> <span class='ocrx_word' id='word_1_36' title='bbox 970 483 1179 536; x_wconf 84' lang='lat' dir='ltr'><strong>postulat,</strong></span> <span class='ocrx_word' id='word_1_37' title='bbox 1196 483 1452 525; x_wconf 80' lang='lat' dir='ltr'><strong>mittuntur.</strong></span> <span class='ocrx_word' id='word_1_38' title='bbox 1474 483 1600 524; x_wconf 85' lang='lat' dir='ltr'><strong>Haec</strong></span> <span class='ocrx_word' id='word_1_39' title='bbox 1622 489 1667 524; x_wconf 89' lang='lat' dir='ltr'><strong>et</strong></span> 
     </span>
     <span class='ocr_line' id='line_1_5' title="bbox 37 558 1664 615; baseline -0.004 -9"><span class='ocrx_word' id='word_1_40' title='bbox 37 569 210 607; x_wconf 88' lang='lat' dir='ltr'><strong>caetera</strong></span> <span class='ocrx_word' id='word_1_41' title='bbox 235 560 371 603; x_wconf 90' lang='lat' dir='ltr'><strong>huius</strong></span> <span class='ocrx_word' id='word_1_42' title='bbox 394 559 574 615; x_wconf 85' lang='lat' dir='ltr'><strong>generis</strong></span> <span class='ocrx_word' id='word_1_43' title='bbox 598 574 653 602; x_wconf 87' lang='lat' dir='ltr'><strong>ex</strong></span> <span class='ocrx_word' id='word_1_44' title='bbox 673 561 807 602; x_wconf 89' lang='lat' dir='ltr'><strong>Patre</strong></span> <span class='ocrx_word' id='word_1_45' title='bbox 826 558 1191 613; x_wconf 83' lang='lat' dir='ltr'><strong>viceprouinoiali</strong></span> <span class='ocrx_word' id='word_1_46' title='bbox 1211 560 1364 602; x_wconf 90' lang='lat' dir='ltr'><strong>Leone</strong></span> <span class='ocrx_word' id='word_1_47' title='bbox 1384 560 1585 601; x_wconf 86' lang='lat' dir='ltr'><strong>Henrioo</strong></span> <span class='ocrx_word' id='word_1_48' title='bbox 1603 567 1664 600; x_wconf 87' lang='lat' dir='ltr'><strong>at-</strong></span> 
     </span>
     <span class='ocr_line' id='line_1_6' title="bbox 38 635 1668 695; baseline -0.004 -13"><span class='ocrx_word' id='word_1_49' title='bbox 38 654 123 695; x_wconf 89' lang='lat' dir='ltr'><strong>que</strong></span> <span class='ocrx_word' id='word_1_50' title='bbox 145 637 241 682; x_wconf 88' lang='lat' dir='ltr'><strong>eius</strong></span> <span class='ocrx_word' id='word_1_51' title='bbox 265 636 398 679; x_wconf 85' lang='lat' dir='ltr'><strong>sociis</strong></span> <span class='ocrx_word' id='word_1_52' title='bbox 421 636 602 691; x_wconf 88' lang='lat' dir='ltr'><strong>(quibus</strong></span> <span class='ocrx_word' id='word_1_53' title='bbox 627 643 811 691; x_wconf 86' lang='lat' dir='ltr'><strong>propter</strong></span> <span class='ocrx_word' id='word_1_54' title='bbox 829 636 970 677; x_wconf 87' lang='lat' dir='ltr'><strong>multa</strong></span> <span class='ocrx_word' id='word_1_55' title='bbox 991 635 1206 690; x_wconf 88' lang='lat' dir='ltr'><strong>uariaque</strong></span> <span class='ocrx_word' id='word_1_56' title='bbox 1226 636 1441 677; x_wconf 84' lang='lat' dir='ltr'><strong>virtutum</strong></span> <span class='ocrx_word' id='word_1_57' title='bbox 1462 635 1668 677; x_wconf 87' lang='lat' dir='ltr'><strong>aliarum-</strong></span> 
     </span>
     <span class='ocr_line' id='line_1_7' title="bbox 39 712 1667 771; baseline -0.002 -14"><span class='ocrx_word' id='word_1_58' title='bbox 39 729 124 771; x_wconf 89' lang='lat' dir='ltr'><strong>que</strong></span> <span class='ocrx_word' id='word_1_59' title='bbox 160 728 308 756; x_wconf 89' lang='lat' dir='ltr'><strong>rerum</strong></span> <span class='ocrx_word' id='word_1_60' title='bbox 346 719 612 755; x_wconf 91' lang='lat' dir='ltr'><strong>ornamenta</strong></span> <span class='ocrx_word' id='word_1_61' title='bbox 641 712 884 768; x_wconf 90' lang='lat' dir='ltr'><strong>plurimum</strong></span> <span class='ocrx_word' id='word_1_62' title='bbox 915 712 1081 763; x_wconf 86' lang='lat' dir='ltr'><strong>tribuo)</strong></span> <span class='ocrx_word' id='word_1_63' title='bbox 1105 712 1331 767; x_wconf 79' lang='lat' dir='ltr'>copiosius</span> <span class='ocrx_word' id='word_1_64' title='bbox 1361 713 1667 766; x_wconf 79' lang='lat' dir='ltr'><strong>cognoscetis.</strong></span> 
     </span>
     <span class='ocr_line' id='line_1_8' title="bbox 39 787 1670 849; baseline -0.003 -15"><span class='ocrx_word' id='word_1_65' title='bbox 39 791 266 849; x_wconf 78' lang='lat' dir='ltr'>Quoniam</span> <span class='ocrx_word' id='word_1_66' title='bbox 304 790 439 833; x_wconf 86' lang='lat' dir='ltr'><strong>etiam</strong></span> <span class='ocrx_word' id='word_1_67' title='bbox 468 804 524 832; x_wconf 85' lang='lat' dir='ltr'><strong>ex</strong></span> <span class='ocrx_word' id='word_1_68' title='bbox 553 788 711 831; x_wconf 88' lang='lat' dir='ltr'><strong>iisdem</strong></span> <span class='ocrx_word' id='word_1_69' title='bbox 735 803 886 831; x_wconf 86' lang='lat' dir='ltr'><strong>eoram</strong></span> <span class='ocrx_word' id='word_1_70' title='bbox 917 803 969 831; x_wconf 84' lang='lat' dir='ltr'><strong>ac.</strong></span> <span class='ocrx_word' id='word_1_71' title='bbox 997 787 1207 844; x_wconf 87' lang='lat' dir='ltr'><strong>priuatim</strong></span> <span class='ocrx_word' id='word_1_72' title='bbox 1232 789 1497 843; x_wconf 83' lang='lat' dir='ltr'><strong>intelligetis</strong></span> <span class='ocrx_word' id='word_1_73' title='bbox 1521 803 1670 832; x_wconf 90' lang='lat' dir='ltr'><strong>meum</strong></span> 
     </span>
     <span class='ocr_line' id='line_1_9' title="bbox 37 864 1672 925; baseline -0.004 -12"><span class='ocrx_word' id='word_1_74' title='bbox 37 883 144 925; x_wconf 86' lang='lat' dir='ltr'><strong>erga</strong></span> <span class='ocrx_word' id='word_1_75' title='bbox 172 867 453 920; x_wconf 23' lang='lat' dir='ltr'><strong>Societatem·</strong></span> <span class='ocrx_word' id='word_1_76' title='bbox 475 866 692 921; x_wconf 85' lang='lat' dir='ltr'><strong>studium,</strong></span> <span class='ocrx_word' id='word_1_77' title='bbox 727 873 1038 921; x_wconf 87' lang='lat' dir='ltr'><strong>quantumque</strong></span> <span class='ocrx_word' id='word_1_78' title='bbox 1061 865 1117 916; x_wconf 80' lang='lat' dir='ltr'><strong>ei,</strong></span> <span class='ocrx_word' id='word_1_79' title='bbox 1150 864 1513 919; x_wconf 81' lang='lat' dir='ltr'><strong>quibuscumque</strong></span> <span class='ocrx_word' id='word_1_80' title='bbox 1538 867 1672 907; x_wconf 82' lang='lat' dir='ltr'><strong>rebus</strong></span> 
     </span>
     <span class='ocr_line' id='line_1_10' title="bbox 40 942 1675 1002; baseline -0.003 -14"><span class='ocrx_word' id='word_1_81' title='bbox 40 943 219 1002; x_wconf 87' lang='lat' dir='ltr'><strong>possim,</strong></span> <span class='ocrx_word' id='word_1_82' title='bbox 243 943 419 999; x_wconf 86' lang='lat' dir='ltr'><strong>cupiam</strong></span> <span class='ocrx_word' id='word_1_83' title='bbox 451 946 605 985; x_wconf 77' lang='lat' dir='ltr'><strong>fauere</strong></span> <span class='ocrx_word' id='word_1_84' title='bbox 627 951 762 997; x_wconf 87' lang='lat' dir='ltr'><strong>atque</strong></span> <span class='ocrx_word' id='word_1_85' title='bbox 788 944 1090 994; x_wconf 83' lang='lat' dir='ltr'><strong>commodare,</strong></span> <span class='ocrx_word' id='word_1_86' title='bbox 1116 942 1406 996; x_wconf 90' lang='lat' dir='ltr'><strong>animumque</strong></span> <span class='ocrx_word' id='word_1_87' title='bbox 1431 956 1520 996; x_wconf 89' lang='lat' dir='ltr'><strong>quo</strong></span> <span class='ocrx_word' id='word_1_88' title='bbox 1544 943 1588 983; x_wconf 92' lang='lat' dir='ltr'><strong>id</strong></span> <span class='ocrx_word' id='word_1_89' title='bbox 1613 943 1675 983; x_wconf 84' lang='lat' dir='ltr'><strong>fa-</strong></span> 
     </span>
     <span class='ocr_line' id='line_1_11' title="bbox 40 1019 1675 1073; baseline -0.003 -9"><span class='ocrx_word' id='word_1_90' title='bbox 40 1022 150 1065; x_wconf 85' lang='lat' dir='ltr'>ciam</span> <span class='ocrx_word' id='word_1_91' title='bbox 176 1035 278 1063; x_wconf 89' lang='lat' dir='ltr'><strong>cum</strong></span> <span class='ocrx_word' id='word_1_92' title='bbox 301 1035 401 1063; x_wconf 91' lang='lat' dir='ltr'><strong>sese</strong></span> <span class='ocrx_word' id='word_1_93' title='bbox 424 1022 558 1062; x_wconf 89' lang='lat' dir='ltr'><strong>offert</strong></span> <span class='ocrx_word' id='word_1_94' title='bbox 581 1020 775 1063; x_wconf 81' lang='lat' dir='ltr'>occasio:</span> <span class='ocrx_word' id='word_1_95' title='bbox 802 1028 941 1063; x_wconf 84' lang='lat' dir='ltr'><strong>restat</strong></span> <span class='ocrx_word' id='word_1_96' title='bbox 966 1027 1014 1061; x_wconf 91' lang='lat' dir='ltr'><strong>ut</strong></span> <span class='ocrx_word' id='word_1_97' title='bbox 1045 1021 1191 1062; x_wconf 90' lang='lat' dir='ltr'><strong>Deum</strong></span> <span class='ocrx_word' id='word_1_98' title='bbox 1215 1035 1240 1061; x_wconf 91' lang='lat' dir='ltr'><strong>a</strong></span> <span class='ocrx_word' id='word_1_99' title='bbox 1269 1033 1358 1073; x_wconf 89' lang='lat' dir='ltr'><strong>quo</strong></span> <span class='ocrx_word' id='word_1_100' title='bbox 1382 1019 1531 1060; x_wconf 84' lang='lat' dir='ltr'><strong>omnia</strong></span> <span class='ocrx_word' id='word_1_101' title='bbox 1556 1020 1675 1060; x_wconf 84' lang='lat' dir='ltr'><strong>bona</strong></span> 
     </span>
     <span class='ocr_line' id='line_1_12' title="bbox 42 1096 1674 1155; baseline -0.003 -14"><span class='ocrx_word' id='word_1_102' title='bbox 42 1098 301 1155; x_wconf 82' lang='lat' dir='ltr'><strong>procedunt,</strong></span> <span class='ocrx_word' id='word_1_103' title='bbox 337 1098 630 1153; x_wconf 78' lang='lat' dir='ltr'><strong>deprecemur</strong></span> <span class='ocrx_word' id='word_1_104' title='bbox 656 1104 704 1139; x_wconf 87' lang='lat' dir='ltr'><strong>ut</strong></span> <span class='ocrx_word' id='word_1_105' title='bbox 733 1104 938 1139; x_wconf 76' lang='lat' dir='ltr'>sanctam</span> <span class='ocrx_word' id='word_1_106' title='bbox 969 1105 1166 1140; x_wconf 83' lang='lat' dir='ltr'><strong>vestram</strong></span> <span class='ocrx_word' id='word_1_107' title='bbox 1196 1096 1471 1139; x_wconf 74' lang='lat' dir='ltr'><strong>Societatem</strong></span> <span class='ocrx_word' id='word_1_108' title='bbox 1503 1096 1674 1137; x_wconf 85' lang='lat' dir='ltr'><strong>saluam</strong></span> 
     </span>
     <span class='ocr_line' id='line_1_13' title="bbox 39 1172 1676 1230; baseline -0.003 -12"><span class='ocrx_word' id='word_1_109' title='bbox 39 1183 82 1218; x_wconf 89' lang='lat' dir='ltr'><strong>et</strong></span> <span class='ocrx_word' id='word_1_110' title='bbox 104 1175 375 1218; x_wconf 86' lang='lat' dir='ltr'><strong>incolumem</strong></span> <span class='ocrx_word' id='word_1_111' title='bbox 401 1181 619 1230; x_wconf 88' lang='lat' dir='ltr'><strong>perpetuo</strong></span> <span class='ocrx_word' id='word_1_112' title='bbox 641 1181 897 1225; x_wconf 79' lang='lat' dir='ltr'><strong>conseruet,</strong></span> <span class='ocrx_word' id='word_1_113' title='bbox 925 1181 1061 1229; x_wconf 87' lang='lat' dir='ltr'><strong>atque</strong></span> <span class='ocrx_word' id='word_1_114' title='bbox 1084 1174 1129 1215; x_wconf 91' lang='lat' dir='ltr'><strong>in</strong></span> <span class='ocrx_word' id='word_1_115' title='bbox 1158 1173 1255 1215; x_wconf 93' lang='lat' dir='ltr'><strong>dies</strong></span> <span class='ocrx_word' id='word_1_116' title='bbox 1286 1172 1430 1228; x_wconf 86' lang='lat' dir='ltr'><strong>magis</strong></span> <span class='ocrx_word' id='word_1_117' title='bbox 1454 1186 1505 1214; x_wconf 84' lang='lat' dir='ltr'><strong>ac</strong></span> <span class='ocrx_word' id='word_1_118' title='bbox 1531 1172 1676 1226; x_wconf 87' lang='lat' dir='ltr'><strong>magis</strong></span> 
     </span>
     <span class='ocr_line' id='line_1_14' title="bbox 42 1250 1675 1308; baseline -0.003 -13"><span class='ocrx_word' id='word_1_119' title='bbox 42 1251 298 1308; x_wconf 84' lang='lat' dir='ltr'><strong>amplificet,</strong></span> <span class='ocrx_word' id='word_1_120' title='bbox 320 1265 515 1306; x_wconf 89' lang='lat' dir='ltr'><strong>eumque</strong></span> <span class='ocrx_word' id='word_1_121' title='bbox 534 1258 757 1306; x_wconf 81' lang='lat' dir='ltr'><strong>pastorem</strong></span> <span class='ocrx_word' id='word_1_122' title='bbox 778 1251 818 1294; x_wconf 92' lang='lat' dir='ltr'><strong>ei</strong></span> <span class='ocrx_word' id='word_1_123' title='bbox 837 1251 1071 1301; x_wconf 83' lang='lat' dir='ltr'><strong>concedat,</strong></span> <span class='ocrx_word' id='word_1_124' title='bbox 1105 1265 1239 1304; x_wconf 88' lang='lat' dir='ltr'><strong>quem</strong></span> <span class='ocrx_word' id='word_1_125' title='bbox 1265 1264 1347 1291; x_wconf 89' lang='lat' dir='ltr'><strong>uos</strong></span> <span class='ocrx_word' id='word_1_126' title='bbox 1367 1250 1421 1292; x_wconf 86' lang='lat' dir='ltr'><strong>ab</strong></span> <span class='ocrx_word' id='word_1_127' title='bbox 1446 1264 1498 1292; x_wconf 94' lang='lat' dir='ltr'><strong>eo</strong></span> <span class='ocrx_word' id='word_1_128' title='bbox 1524 1256 1675 1304; x_wconf 88' lang='lat' dir='ltr'><strong>postu-</strong></span> 
     </span>
     <span class='ocr_line' id='line_1_15' title="bbox 42 1327 1678 1384; baseline -0.002 -12"><span class='ocrx_word' id='word_1_129' title='bbox 42 1330 130 1373; x_wconf 86' lang='lat' dir='ltr'><strong>lare</strong></span> <span class='ocrx_word' id='word_1_130' title='bbox 159 1336 293 1383; x_wconf 86' lang='lat' dir='ltr'><strong>atque</strong></span> <span class='ocrx_word' id='word_1_131' title='bbox 328 1328 424 1371; x_wconf 89' lang='lat' dir='ltr'><strong>eius</strong></span> <span class='ocrx_word' id='word_1_132' title='bbox 459 1328 605 1384; x_wconf 86' lang='lat' dir='ltr'><strong>gratia</strong></span> <span class='ocrx_word' id='word_1_133' title='bbox 636 1328 804 1384; x_wconf 89' lang='lat' dir='ltr'><strong>optime</strong></span> <span class='ocrx_word' id='word_1_134' title='bbox 833 1328 1002 1383; x_wconf 81' lang='lat' dir='ltr'><strong>eligere</strong></span> <span class='ocrx_word' id='word_1_135' title='bbox 1036 1327 1207 1370; x_wconf 80' lang='lat' dir='ltr'><strong>scietis.</strong></span> <span class='ocrx_word' id='word_1_136' title='bbox 1248 1329 1341 1369; x_wconf 91' lang='lat' dir='ltr'><strong>Vos</strong></span> <span class='ocrx_word' id='word_1_137' title='bbox 1375 1327 1508 1369; x_wconf 90' lang='lat' dir='ltr'><strong>etiam</strong></span> <span class='ocrx_word' id='word_1_138' title='bbox 1541 1333 1678 1380; x_wconf 88' lang='lat' dir='ltr'><strong>atque</strong></span> 
     </span>
     <span class='ocr_line' id='line_1_16' title="bbox 40 1403 1677 1461; baseline -0.002 -12"><span class='ocrx_word' id='word_1_139' title='bbox 40 1406 171 1449; x_wconf 85' lang='lat' dir='ltr'><strong>etiam</strong></span> <span class='ocrx_word' id='word_1_140' title='bbox 196 1419 324 1461; x_wconf 81' lang='lat' dir='ltr'><strong>rogo,</strong></span> <span class='ocrx_word' id='word_1_141' title='bbox 347 1405 423 1460; x_wconf 89' lang='lat' dir='ltr'><strong>qui</strong></span> <span class='ocrx_word' id='word_1_142' title='bbox 449 1420 536 1447; x_wconf 89' lang='lat' dir='ltr'><strong>non</strong></span> <span class='ocrx_word' id='word_1_143' title='bbox 560 1406 706 1448; x_wconf 87' lang='lat' dir='ltr'><strong>solum</strong></span> <span class='ocrx_word' id='word_1_144' title='bbox 726 1406 817 1447; x_wconf 93' lang='lat' dir='ltr'><strong>duo</strong></span> <span class='ocrx_word' id='word_1_145' title='bbox 835 1413 913 1447; x_wconf 88' lang='lat' dir='ltr'><strong>aut</strong></span> <span class='ocrx_word' id='word_1_146' title='bbox 937 1413 1043 1459; x_wconf 68' lang='lat' dir='ltr'><strong>tres,</strong></span> <span class='ocrx_word' id='word_1_147' title='bbox 1066 1405 1145 1448; x_wconf 88' lang='lat' dir='ltr'><strong>sed</strong></span> <span class='ocrx_word' id='word_1_148' title='bbox 1170 1413 1258 1446; x_wconf 89' lang='lat' dir='ltr'><strong>tam</strong></span> <span class='ocrx_word' id='word_1_149' title='bbox 1277 1403 1405 1445; x_wconf 86' lang='lat' dir='ltr'><strong>multi</strong></span> <span class='ocrx_word' id='word_1_150' title='bbox 1425 1417 1677 1458; x_wconf 81' lang='lat' dir='ltr'><strong>congrega·</strong></span> 
     </span>
     <span class='ocr_line' id='line_1_17' title="bbox 43 1480 1678 1535; baseline -0.002 -10"><span class='ocrx_word' id='word_1_151' title='bbox 43 1483 73 1525; x_wconf 91' lang='lat' dir='ltr'><strong>ti</strong></span> <span class='ocrx_word' id='word_1_152' title='bbox 96 1483 202 1527; x_wconf 91' lang='lat' dir='ltr'><strong>estis</strong></span> <span class='ocrx_word' id='word_1_153' title='bbox 232 1483 277 1524; x_wconf 92' lang='lat' dir='ltr'><strong>in</strong></span> <span class='ocrx_word' id='word_1_154' title='bbox 309 1483 490 1525; x_wconf 90' lang='lat' dir='ltr'><strong>nomine</strong></span> <span class='ocrx_word' id='word_1_155' title='bbox 514 1483 713 1535; x_wconf 79' lang='lat' dir='ltr'><strong>Domini,</strong></span> <span class='ocrx_word' id='word_1_156' title='bbox 743 1492 789 1524; x_wconf 90' lang='lat' dir='ltr'><strong>ut</strong></span> <span class='ocrx_word' id='word_1_157' title='bbox 818 1497 889 1525; x_wconf 89' lang='lat' dir='ltr'><strong>me</strong></span> <span class='ocrx_word' id='word_1_158' title='bbox 920 1482 964 1524; x_wconf 91' lang='lat' dir='ltr'><strong>in</strong></span> <span class='ocrx_word' id='word_1_159' title='bbox 994 1482 1163 1524; x_wconf 83' lang='lat' dir='ltr'><strong>sanctis</strong></span> <span class='ocrx_word' id='word_1_160' title='bbox 1192 1481 1350 1524; x_wconf 87' lang='lat' dir='ltr'><strong>vestris</strong></span> <span class='ocrx_word' id='word_1_161' title='bbox 1379 1480 1611 1522; x_wconf 77' lang='lat' dir='ltr'><strong>sacrificiis</strong></span> <span class='ocrx_word' id='word_1_162' title='bbox 1636 1490 1678 1522; x_wconf 89' lang='lat' dir='ltr'><strong>et</strong></span> 
     </span>
     <span class='ocr_line' id='line_1_18' title="bbox 41 1559 1679 1615; baseline -0.004 -12"><span class='ocrx_word' id='word_1_163' title='bbox 41 1560 316 1603; x_wconf 86' lang='lat' dir='ltr'><strong>orationibus</strong></span> <span class='ocrx_word' id='word_1_164' title='bbox 335 1559 480 1603; x_wconf 91' lang='lat' dir='ltr'><strong>eidem</strong></span> <span class='ocrx_word' id='word_1_165' title='bbox 508 1560 702 1602; x_wconf 89' lang='lat' dir='ltr'><strong>Domino</strong></span> <span class='ocrx_word' id='word_1_166' title='bbox 735 1559 977 1615; x_wconf 84' lang='lat' dir='ltr'><strong>plurimum</strong></span> <span class='ocrx_word' id='word_1_167' title='bbox 1009 1559 1352 1613; x_wconf 82' lang='lat' dir='ltr'><strong>commendetis,</strong></span> <span class='ocrx_word' id='word_1_168' title='bbox 1379 1565 1514 1612; x_wconf 89' lang='lat' dir='ltr'><strong>atque</strong></span> <span class='ocrx_word' id='word_1_169' title='bbox 1545 1559 1600 1599; x_wconf 84' lang='lat' dir='ltr'><strong>ab</strong></span> <span class='ocrx_word' id='word_1_170' title='bbox 1626 1572 1679 1600; x_wconf 91' lang='lat' dir='ltr'><strong>eo</strong></span> 
     </span>
     <span class='ocr_line' id='line_1_19' title="bbox 43 1635 1677 1694; baseline -0.003 -14"><span class='ocrx_word' id='word_1_171' title='bbox 43 1637 203 1694; x_wconf 85' lang='lat' dir='ltr'><strong>petatis</strong></span> <span class='ocrx_word' id='word_1_172' title='bbox 233 1645 281 1679; x_wconf 91' lang='lat' dir='ltr'><strong>ut</strong></span> <span class='ocrx_word' id='word_1_173' title='bbox 312 1637 421 1679; x_wconf 92' lang='lat' dir='ltr'><strong>mihi</strong></span> <span class='ocrx_word' id='word_1_174' title='bbox 450 1637 643 1693; x_wconf 78' lang='lat' dir='ltr'><strong>gratiam</strong></span> <span class='ocrx_word' id='word_1_175' title='bbox 668 1637 879 1691; x_wconf 84' lang='lat' dir='ltr'><strong>uiresque</strong></span> <span class='ocrx_word' id='word_1_176' title='bbox 902 1636 1136 1691; x_wconf 83' lang='lat' dir='ltr'><strong>largiatur,</strong></span> <span class='ocrx_word' id='word_1_177' title='bbox 1163 1636 1328 1690; x_wconf 86' lang='lat' dir='ltr'><strong>quibus</strong></span> <span class='ocrx_word' id='word_1_178' title='bbox 1358 1635 1677 1690; x_wconf 81' lang='lat' dir='ltr'><strong>grauissimum</strong></span> 
     </span>
     <span class='ocr_line' id='line_1_20' title="bbox 41 1713 1678 1770; baseline -0.002 -13"><span class='ocrx_word' id='word_1_179' title='bbox 41 1729 155 1757; x_wconf 85' lang='lat' dir='ltr'><strong>onus</strong></span> <span class='ocrx_word' id='word_1_180' title='bbox 177 1728 228 1757; x_wconf 86' lang='lat' dir='ltr'><strong>ae</strong></span> <span class='ocrx_word' id='word_1_181' title='bbox 252 1715 533 1770; x_wconf 78' lang='lat' dir='ltr'><strong>prouinciam</strong></span> <span class='ocrx_word' id='word_1_182' title='bbox 557 1714 666 1756; x_wconf 87' lang='lat' dir='ltr'><strong>mihi</strong></span> <span class='ocrx_word' id='word_1_183' title='bbox 690 1714 947 1769; x_wconf 79' lang='lat' dir='ltr'><strong>impositam</strong></span> <span class='ocrx_word' id='word_1_184' title='bbox 973 1713 1145 1756; x_wconf 85' lang='lat' dir='ltr'><strong>fortiter</strong></span> <span class='ocrx_word' id='word_1_185' title='bbox 1178 1713 1420 1763; x_wconf 83' lang='lat' dir='ltr'><strong>sustinere,</strong></span> <span class='ocrx_word' id='word_1_186' title='bbox 1447 1720 1583 1766; x_wconf 86' lang='lat' dir='ltr'><strong>atque</strong></span> <span class='ocrx_word' id='word_1_187' title='bbox 1614 1726 1678 1754; x_wconf 86' lang='lat' dir='ltr'><strong>re-</strong></span> 
     </span>
     <span class='ocr_line' id='line_1_21' title="bbox 40 1788 1682 1847; baseline -0.002 -13"><span class='ocrx_word' id='word_1_188' title='bbox 40 1799 126 1843; x_wconf 85' lang='lat' dir='ltr'><strong>cte,</strong></span> <span class='ocrx_word' id='word_1_189' title='bbox 151 1792 328 1847; x_wconf 83' lang='lat' dir='ltr'><strong>integre</strong></span> <span class='ocrx_word' id='word_1_190' title='bbox 351 1792 670 1847; x_wconf 83' lang='lat' dir='ltr'><strong>sapienterque</strong></span> <span class='ocrx_word' id='word_1_191' title='bbox 699 1791 1015 1834; x_wconf 84' lang='lat' dir='ltr'><strong>administrare</strong></span> <span class='ocrx_word' id='word_1_192' title='bbox 1040 1790 1223 1846; x_wconf 88' lang='lat' dir='ltr'><strong>possim;</strong></span> <span class='ocrx_word' id='word_1_193' title='bbox 1257 1804 1533 1846; x_wconf 82' lang='lat' dir='ltr'><strong>operamque</strong></span> <span class='ocrx_word' id='word_1_194' title='bbox 1565 1788 1682 1831; x_wconf 87' lang='lat' dir='ltr'><strong>detis</strong></span> 
     </span>
     <span class='ocr_line' id='line_1_22' title="bbox 46 1866 1681 1924; baseline -0.002 -14"><span class='ocrx_word' id='word_1_195' title='bbox 46 1875 93 1911; x_wconf 87' lang='lat' dir='ltr'><strong>ut</strong></span> <span class='ocrx_word' id='word_1_196' title='bbox 113 1870 270 1912; x_wconf 85' lang='lat' dir='ltr'><strong>Patres</strong></span> <span class='ocrx_word' id='word_1_197' title='bbox 293 1882 451 1911; x_wconf 90' lang='lat' dir='ltr'><strong>omnes</strong></span> <span class='ocrx_word' id='word_1_198' title='bbox 475 1877 518 1911; x_wconf 91' lang='lat' dir='ltr'><strong>et</strong></span> <span class='ocrx_word' id='word_1_199' title='bbox 545 1869 703 1911; x_wconf 88' lang='lat' dir='ltr'><strong>fratres</strong></span> <span class='ocrx_word' id='word_1_200' title='bbox 732 1869 776 1910; x_wconf 92' lang='lat' dir='ltr'><strong>in</strong></span> <span class='ocrx_word' id='word_1_201' title='bbox 808 1868 1066 1924; x_wconf 78' lang='lat' dir='ltr'><strong>prouinciis,</strong></span> <span class='ocrx_word' id='word_1_202' title='bbox 1087 1867 1131 1909; x_wconf 90' lang='lat' dir='ltr'><strong>in</strong></span> <span class='ocrx_word' id='word_1_203' title='bbox 1166 1867 1330 1922; x_wconf 87' lang='lat' dir='ltr'><strong>quibus</strong></span> <span class='ocrx_word' id='word_1_204' title='bbox 1353 1866 1536 1921; x_wconf 87' lang='lat' dir='ltr'><strong>degitis,</strong></span> <span class='ocrx_word' id='word_1_205' title='bbox 1563 1866 1681 1909; x_wconf 89' lang='lat' dir='ltr'><strong>idern</strong></span> 
     </span>
     <span class='ocr_line' id='line_1_23' title="bbox 42 1943 1683 2001; baseline -0.002 -13"><span class='ocrx_word' id='word_1_206' title='bbox 42 1945 251 1989; x_wconf 86' lang='lat' dir='ltr'><strong>efficiant:</strong></span> <span class='ocrx_word' id='word_1_207' title='bbox 279 1960 490 2001; x_wconf 88' lang='lat' dir='ltr'><strong>magnam</strong></span> <span class='ocrx_word' id='word_1_208' title='bbox 516 1945 633 1989; x_wconf 89' lang='lat' dir='ltr'><strong>enim</strong></span> <span class='ocrx_word' id='word_1_209' title='bbox 652 1945 863 1987; x_wconf 86' lang='lat' dir='ltr'><strong>fiduciam</strong></span> <span class='ocrx_word' id='word_1_210' title='bbox 883 1944 1047 1995; x_wconf 87' lang='lat' dir='ltr'><strong>habeo,</strong></span> <span class='ocrx_word' id='word_1_211' title='bbox 1070 1958 1337 2000; x_wconf 86' lang='lat' dir='ltr'><strong>semperque</strong></span> <span class='ocrx_word' id='word_1_212' title='bbox 1356 1944 1492 1985; x_wconf 86' lang='lat' dir='ltr'><strong>habui</strong></span> <span class='ocrx_word' id='word_1_213' title='bbox 1516 1943 1560 1984; x_wconf 92' lang='lat' dir='ltr'><strong>in</strong></span> <span class='ocrx_word' id='word_1_214' title='bbox 1585 1957 1683 1984; x_wconf 91' lang='lat' dir='ltr'><strong>ora-</strong></span> 
     </span>
     <span class='ocr_line' id='line_1_24' title="bbox 45 2020 1683 2078; baseline -0.002 -14"><span class='ocrx_word' id='word_1_215' title='bbox 45 2022 242 2065; x_wconf 89' lang='lat' dir='ltr'><strong>tionibus</strong></span> <span class='ocrx_word' id='word_1_216' title='bbox 266 2022 522 2067; x_wconf 84' lang='lat' dir='ltr'><strong>Societatis.</strong></span> <span class='ocrx_word' id='word_1_217' title='bbox 550 2023 641 2066; x_wconf 87' lang='lat' dir='ltr'><strong>Sed</strong></span> <span class='ocrx_word' id='word_1_218' title='bbox 666 2023 771 2077; x_wconf 87' lang='lat' dir='ltr'><strong>quia</strong></span> <span class='ocrx_word' id='word_1_219' title='bbox 799 2023 1082 2078; x_wconf 79' lang='lat' dir='ltr'><strong>expioratum</strong></span> <span class='ocrx_word' id='word_1_220' title='bbox 1108 2022 1254 2063; x_wconf 84' lang='lat' dir='ltr'><strong>habeo</strong></span> <span class='ocrx_word' id='word_1_221' title='bbox 1279 2036 1360 2063; x_wconf 88' lang='lat' dir='ltr'><strong>uos</strong></span> <span class='ocrx_word' id='word_1_222' title='bbox 1384 2035 1438 2062; x_wconf 93' lang='lat' dir='ltr'><strong>eo</strong></span> <span class='ocrx_word' id='word_1_223' title='bbox 1461 2020 1612 2062; x_wconf 90' lang='lat' dir='ltr'><strong>studio</strong></span> <span class='ocrx_word' id='word_1_224' title='bbox 1632 2034 1683 2062; x_wconf 78' lang='lat' dir='ltr'><strong>ao</strong></span> 
     </span>
     <span class='ocr_line' id='line_1_25' title="bbox 48 2098 1681 2155; baseline -0.001 -13"><span class='ocrx_word' id='word_1_225' title='bbox 48 2100 278 2143; x_wconf 87' lang='lat' dir='ltr'><strong>uoluntate</strong></span> <span class='ocrx_word' id='word_1_226' title='bbox 302 2101 346 2142; x_wconf 93' lang='lat' dir='ltr'><strong>id</strong></span> <span class='ocrx_word' id='word_1_227' title='bbox 371 2101 572 2142; x_wconf 80' lang='lat' dir='ltr'><strong>facturos</strong></span> <span class='ocrx_word' id='word_1_228' title='bbox 596 2114 685 2154; x_wconf 86' lang='lat' dir='ltr'><strong>quo</strong></span> <span class='ocrx_word' id='word_1_229' title='bbox 709 2114 856 2155; x_wconf 88' lang='lat' dir='ltr'><strong>spero,</strong></span> <span class='ocrx_word' id='word_1_230' title='bbox 878 2101 964 2141; x_wconf 82' lang='lat' dir='ltr'><strong>hoc</strong></span> <span class='ocrx_word' id='word_1_231' title='bbox 997 2099 1143 2154; x_wconf 88' lang='lat' dir='ltr'><strong>ipsum</strong></span> <span class='ocrx_word' id='word_1_232' title='bbox 1169 2114 1193 2141; x_wconf 87' lang='lat' dir='ltr'><strong>a</strong></span> <span class='ocrx_word' id='word_1_233' title='bbox 1223 2099 1352 2140; x_wconf 87' lang='lat' dir='ltr'><strong>uobis</strong></span> <span class='ocrx_word' id='word_1_234' title='bbox 1378 2098 1582 2154; x_wconf 72' lang='lat' dir='ltr'><strong>pluribus</strong></span> <span class='ocrx_word' id='word_1_235' title='bbox 1607 2112 1681 2152; x_wconf 89' lang='lat' dir='ltr'><strong>pe-</strong></span> 
     </span>
     <span class='ocr_line' id='line_1_26' title="bbox 45 2174 1680 2233; baseline -0.003 -14"><span class='ocrx_word' id='word_1_236' title='bbox 45 2177 227 2219; x_wconf 84' lang='lat' dir='ltr'><strong>tendum</strong></span> <span class='ocrx_word' id='word_1_237' title='bbox 269 2191 369 2221; x_wconf 87' lang='lat' dir='ltr'><strong>esse</strong></span> <span class='ocrx_word' id='word_1_238' title='bbox 409 2192 498 2219; x_wconf 91' lang='lat' dir='ltr'><strong>non</strong></span> <span class='ocrx_word' id='word_1_239' title='bbox 540 2176 711 2233; x_wconf 89' lang='lat' dir='ltr'><strong>putaui.</strong></span> <span class='ocrx_word' id='word_1_240' title='bbox 755 2177 923 2219; x_wconf 90' lang='lat' dir='ltr'><strong>Datum</strong></span> <span class='ocrx_word' id='word_1_241' title='bbox 965 2178 1142 2220; x_wconf 87' lang='lat' dir='ltr'><strong>Euorae</strong></span> <span class='ocrx_word' id='word_1_242' title='bbox 1177 2177 1349 2218; x_wconf 83' lang='lat' dir='ltr'>XXVII</span> <span class='ocrx_word' id='word_1_243' title='bbox 1379 2175 1451 2218; x_wconf 89' lang='lat' dir='ltr'><strong>die</strong></span> <span class='ocrx_word' id='word_1_244' title='bbox 1486 2174 1680 2217; x_wconf 86' lang='lat' dir='ltr'><strong>Ianuarii</strong></span> 
     </span>
     <span class='ocr_line' id='line_1_27' title="bbox 50 2255 385 2298; baseline -0.003 -1"><span class='ocrx_word' id='word_1_245' title='bbox 50 2255 385 2298; x_wconf 87' lang='lat' dir='ltr'><strong>M.D.LXX[II.</strong></span> 
     </span>
     <span class='ocr_line' id='line_1_28' title="bbox 1328 2332 1448 2373; baseline 0.008 -1"><span class='ocrx_word' id='word_1_246' title='bbox 1328 2332 1448 2373; x_wconf 72' lang='lat' dir='ltr'><strong>REY.</strong></span> 
     </span>
    </p>

    <p class='ocr_par' dir='ltr' id='par_1_3' title="bbox 49 2405 1684 2542">
     <span class='ocr_line' id='line_1_29' title="bbox 139 2405 1684 2465; baseline -0.003 -15"><span class='ocrx_word' id='word_1_247' title='bbox 139 2409 395 2465; x_wconf 75' lang='lat' dir='ltr'><strong>Inscriptio,</strong></span> <span class='ocrx_word' id='word_1_248' title='bbox 423 2409 451 2465; x_wconf 86' lang='lat'>†</span> <span class='ocrx_word' id='word_1_249' title='bbox 480 2410 593 2453; x_wconf 87' lang='lat' dir='ltr'><strong>Rdo.</strong></span> <span class='ocrx_word' id='word_1_250' title='bbox 630 2409 751 2451; x_wconf 83' lang='lat' dir='ltr'><strong>Patri</strong></span> <span class='ocrx_word' id='word_1_251' title='bbox 781 2409 947 2451; x_wconf 83' lang='lat' dir='ltr'><strong>vicario</strong></span> <span class='ocrx_word' id='word_1_252' title='bbox 977 2408 1195 2464; x_wconf 85' lang='lat' dir='ltr'><strong>generali,</strong></span> <span class='ocrx_word' id='word_1_253' title='bbox 1228 2407 1510 2460; x_wconf 85' lang='lat' dir='ltr'><strong>caeterisque</strong></span> <span class='ocrx_word' id='word_1_254' title='bbox 1546 2405 1684 2448; x_wconf 80' lang='lat' dir='ltr'><strong>Patri·</strong></span> 
     </span>
     <span class='ocr_line' id='line_1_30' title="bbox 49 2485 1181 2542; baseline 0.001 -15"><span class='ocrx_word' id='word_1_255' title='bbox 49 2485 131 2528; x_wconf 91' lang='lat' dir='ltr'><strong>bus</strong></span> <span class='ocrx_word' id='word_1_256' title='bbox 153 2487 524 2542; x_wconf 85' lang='lat' dir='ltr'><strong>congregationis</strong></span> <span class='ocrx_word' id='word_1_257' title='bbox 549 2487 776 2542; x_wconf 85' lang='lat' dir='ltr'><strong>generalis</strong></span> <span class='ocrx_word' id='word_1_258' title='bbox 801 2486 1041 2530; x_wconf 82' lang='lat' dir='ltr'><strong>Societatis</strong></span> <span class='ocrx_word' id='word_1_259' title='bbox 1067 2487 1181 2529; x_wconf 76' lang='lat' dir='ltr'><strong>IesU.</strong></span> 
     </span>
    </p>

    <p class='ocr_par' dir='ltr' id='par_1_4' title="bbox 139 2563 580 2620">
     <span class='ocr_line' id='line_1_31' title="bbox 139 2563 580 2620; baseline 0.002 -15"><span class='ocrx_word' id='word_1_260' title='bbox 139 2563 296 2620; x_wconf 69' lang='lat' dir='ltr'><strong>sigilli</strong></span> <span class='ocrx_word' id='word_1_261' title='bbox 319 2565 580 2620; x_wconf 77' lang='lat' dir='ltr'><strong>vestigimn.</strong></span> 
     </span>
    </p>
   </div>
  </div>
 </body>
</html>
