1891 3292
504 188 1125 228 EPHEMER1DES.—SEPT.-OCT.
1150 194 1239 237 1556
1574 205 1637 240 591

53 289 185 335 etiam
204 291 344 330 noctu
361 288 433 331 vel
452 296 557 331 ante
580 302 802 330 sommum
824 305 900 343 per
918 293 1103 334 alteram
1128 295 1353 347 quandam
1377 297 1533 338 horam
1553 298 1685 339 etiam

52 362 209 393 vacare
228 357 428 402 possent.
451 347 693 389 Caeterum
713 349 914 401 quotidie
933 351 1019 392 hac
1043 352 1098 394 de
1121 366 1258 395 causa
1281 357 1582 398 cantabantur
1607 371 1686 411 pu-

41 408 166 451 blice
189 420 290 449 cum
316 406 607 461 processione
635 407 826 450 letaniae
849 408 891 449 in
919 411 1085 464 templo
1109 418 1279 454 nostro.

139 478 195 522 29
216 466 352 508 huius
374 465 681 507 intelleximus
703 479 758 507 ex
790 467 999 510 Flandria
1022 482 1284 512 concessam
1316 472 1403 514 iarn
1427 487 1526 515 esse
1550 473 1685 516 licen—

51 526 156 569 tiam
179 540 204 567 a
228 539 338 579 rege
367 524 662 579 hispanorum
691 525 960 567 aedificandi
984 529 1179 583 collegia
1210 530 1451 573 Societatis
1474 532 1518 573 in
1544 533 1679 574 Flan-

49 585 161 628 dria.
193 585 302 625 Item
332 597 594 627 concessam
629 596 729 625 esse
756 586 950 640 collegio
979 589 1257 630 messanensi
1285 589 1511 644 insignem
1545 605 1684 645 quan·

49 644 149 687 dam
172 643 416 697 abbatiam,
446 643 591 697 qualis
613 642 748 684 etiam
773 646 1098 698 expectabatur
1122 661 1200 700 pro
1224 643 1417 703 collegio
1435 651 1683 703 neapolita-

49 718 122 746 no.
156 702 404 758 Negotium
435 702 492 745 de
522 702 750 746 Societate
781 710 1057 745 transactum
1088 713 1184 747 erat
1213 721 1291 760 per
1316 708 1547 750 dominum
1572 724 1682 751 can-

49 761 278 806 cellarium
305 761 547 803 Ricardum
571 768 614 805 et
637 760 868 803 dominum
895 763 1097 816 Vigliurn
1122 778 1176 806 ex
1201 773 1326 819 parte
1350 767 1489 821 regis;
1515 782 1570 809 ex
1589 783 1686 822 par-

49 830 91 865 te
125 820 370 865 Societatis
398 835 507 864 vero
529 835 609 876 per
633 821 792 862 ducem
827 822 882 862 de
910 822 1069 864 Pheria
1099 832 1142 865 et
1166 825 1228 867 M.
1258 827 1442 868 Petrum
1474 827 1683 868 Ribaddi-

48 894 170 923 nera:
218 888 313 922 tum
358 894 466 922 vero
509 879 729 922 successit
751 872 1010 935 ‘postquam
1055 883 1110 924 ad
1155 884 1400 926 Dominum
1444 886 1684 939 migrasset

47 941 101 983 R.
132 941 185 982 P.
212 938 435 994 Ignatius.

134 998 289 1041 Primo
339 997 557 1041 Octobris
606 997 817 1041 miserum
869 999 1141 1042 Germaniae
1193 1009 1361 1044 statum
1415 1018 1470 1046 ex
1521 1003 1679 1044 litteris

47 1060 108 1102 M.
135 1057 383 1112 Francisci,
413 1071 469 1112 30
493 1057 609 1099 Iunii
632 1057 851 1100 Coloniae
874 1058 1069 1113 scriptis,
1096 1059 1417 1104 intelleximus.

134 1118 232 1161 Sub
261 1117 397 1159 huius
427 1116 695 1172 principium
730 1124 954 1160 venerunt
986 1119 1041 1159 ad
1075 1119 1334 1174 collegium,
1372 1120 1540 1175 Scipio,
1577 1123 1679 1163 Bar-

48 1178 353 1227 tholomaeus,
382 1178 547 1219 Petrus
569 1176 626 1217 de
648 1175 766 1229 Nits‚
794 1176 1005 1218 Vrbanus
1029 1184 1073 1219 et
1098 1179 1334 1221 Balthasar
1356 1181 1606 1223 Salmeron.

140 1248 189 1278 12
221 1235 359 1290 hujus
383 1235 592 1278 abierunt
625 1237 766 1278 Roma
797 1237 1173 1280 Bartholomaeus
1214 1239 1497 1293 florentinus,
1533 1247 1576 1281 et
1615 1254 1682 1281 sa-

47 1303 271 1338 crlstanus
294 1309 454 1338 minor.

133 1355 234 1396 Istis
264 1354 426 1397 diebus
449 1355 506 1397 de
538 1353 889 1405 coloniensibus,
923 1353 1264 1407 viennensibus,
1302 1364 1346 1399 et
1375 1357 1569 1399 indianis
1597 1358 1681 1399 fra·

46 1414 205 1465 tribus,
233 1415 373 1456 multa
397 1414 513 1456 bona
538 1428 618 1468 per
641 1413 792 1455 literas
815 1413 1135 1456 intelleximus,

134 1485 188 1527 23
212 1473 348 1515 huius
377 1472 559 1515 iuerunt
598 1472 822 1516 Ameliam
852 1473 1084 1528 Georgius
1113 1474 1288 1525 sardus,
1314 1475 1542 1526 sacerdos,
1570 1477 1661 1517 Leo

44 1533 212 1575 nardus
237 1540 282 1574 et
306 1532 488 1587 quidam
513 1532 644 1574 alius.

136 1593 193 1634 26
216 1591 351 1634 huius
382 1591 671 1635 foelicissime
700 1590 914 1646 migrauit
937 1591 993 1633 ad
1017 1591 1260 1633 Dominum
1287 1593 1341 1634 R.
1370 1595 1420 1636 P.
1444 1593 1680 1635 Andraeas

45 1651 267 1694 Phrusius
291 1651 367 1706 qui
398 1666 475 1705 per
498 1651 729 1706 integrum
753 1665 922 1692 annum
953 1650 1225 1705 grauissime
1249 1652 1552 1703 laborauerat‚
1580 1659 1680 1707 post

42 1711 210 1753 multos
240 1713 489 1754 exhaustos
521 1711 697 1754 labores
722 1710 767 1751 in
797 1710 1043 1760 Societate,
1070 1725 1202 1765 quam
1232 1710 1320 1752 iam
1344 1711 1478 1753 etiam
1511 1712 1679 1766 profes-

42 1784 119 1812 sus
149 1771 296 1813 fuerat
324 1777 430 1812 ante
454 1771 619 1812 multos
642 1784 800 1811 annOS.
834 1770 1004 1811 Eodem
1036 1770 1107 1810 die
1129 1778 1390 1825 susceperat
1420 1770 1679 1812 unctionem

42 1837 288 1873 extremam
309 1837 501 1884 vrgente
525 1831 578 1873 R.
609 1831 660 1872 P.
687 1828 899 1871 Cornelio
922 1829 1247 1879 &Visschauem
1273 1830 1349 1883 qui
1374 1831 1507 1871 etiarn
1531 1831 1680 1871 horta-

42 1895 115 1930 tus
139 1897 235 1932 erat
266 1889 425 1944 pridie,
452 1889 528 1944 qui
549 1896 646 1931 erat
674 1887 928 1930 dominicus
957 1888 1068 1941 dies,
1097 1896 1143 1929 vt
1168 1897 1452 1943 praepararet
1470 1903 1517 1944 se
1536 1890 1590 1930 ad
1610 1903 1680 1930 ce-

41 1948 310 1990 lebrandum
330 1949 495 1990 festum
516 1947 718 1990 omniurn
739 1955 999 1989 sanctorum
1024 1948 1067 1988 in
1090 1948 1242 1997 coelis,
1269 1956 1313 1991 et
1336 1949 1451 1992 forte
1470 1949 1550 1991 SS.
1575 1963 1678 2002 apo·

42 2008 181 2049 stolos
211 2008 443 2052 Simonem
473 2015 518 2051 et
542 2009 697 2049 Iudam
728 2014 965 2061 aperturos
988 2017 1180 2061 portam.
1217 2007 1303 2049 His
1325 2022 1436 2063 ergo
1466 2007 1680 2048 incitatus

41 2067 215 2109 audiuit
244 2068 316 2110 die
345 2067 573 2109 dominico
597 2080 793 2118 sacrum,
821 2066 865 2108 in
891 2080 980 2120 quo
1004 2067 1303 2109 vehementer
1327 2068 1589 2109 consolatus
1613 2076 1679 2108 est

40 2126 229 2169 audiens
252 2126 379 2169 illud:
410 2128 587 2170 «Omne
610 2125 813 2168 debiturn
837 2125 984 2167 dimisi
1010 2125 1134 2178 tibi»,
1164 2133 1376 2179 tanquam
1402 2127 1485 2168 sibi
1509 2126 1676 2167 dictum

42 2200 65 2228 a
88 2186 301 2238 Domino;
327 2185 560 2229 benedixit
589 2186 748 2229 eodem
773 2185 844 2227 die
869 2187 930 2228 M.
966 2186 1124 2235 Paulo,
1152 2192 1197 2228 et
1226 2185 1434 2239 sequenti
1464 2186 1536 2227 die
1560 2199 1678 2226 corn-

41 2245 300 2287 municatus
324 2253 368 2287 et
400 2246 499 2288 oleo
528 2259 656 2288 sacro
679 2245 911 2295 inunctus,
939 2259 1042 2286 mox
1071 2244 1233 2286 deinde
1261 2244 1476 2300 migrauit
1505 2245 1559 2287 ad
1590 2246 1677 2285 Do·

42 2304 232 2355 minum,
260 2311 304 2346 et
328 2306 534 2359 sepultus
557 2312 626 2347 est
654 2315 708 2357 27
733 2305 805 2346 die
828 2304 871 2345 in
897 2304 1064 2358 templo
1087 2311 1261 2345 nostro.

131 2364 185 2406 28
210 2364 362 2416 huius,
389 2364 465 2418 qui
488 2371 584 2406 erat
609 2365 774 2406 festum
799 2365 881 2407 SS.
909 2363 1214 2418 apostolorum
1239 2362 1436 2406 Simonis
1459 2370 1503 2404 et
1522 2363 1673 2413 Iudae,

42 2423 223 2465 habitae
252 2431 358 2466 sunt
387 2423 432 2466 in
466 2424 633 2478 templo
667 2431 847 2466 nostrae
880 2422 1211 2477 disputationes
1244 2422 1530 2476 theologicae
1565 2422 1674 2462 sole-

40 2496 183 2535 mnes;
210 2483 419 2538 sequenti
448 2483 521 2525 die
551 2482 909 2538 philosophicae,
938 2482 1069 2523 tertio
1094 2495 1201 2523 vero
1231 2481 1302 2523 die
1332 2482 1547 2523 recitatae
1571 2488 1676 2521 sunt

40 2541 269 2584 orationes
292 2543 446 2595 latina,
469 2556 634 2597 graeca
658 2550 703 2585 et
733 2541 971 2584 haebraica
994 2555 1095 2582 curn
1120 2540 1324 2582 versibus
1346 2540 1459 2581 suis.
1497 2540 1668 2581 Conue-

40 2609 168 2644 nerat
186 2615 289 2643 cum
308 2601 539 2643 ffratribus
557 2601 651 2643 suis
669 2601 895 2657 generalis
907 2600 1284 2655 praedicatorum,
1307 2600 1427 2652 quod
1443 2613 1673 2652 nunquam

40 2668 135 2703 erat
169 2669 301 2704 antea
334 2661 498 2703 visum.
537 2662 742 2703 Aderant
771 2668 815 2702 et
850 2660 921 2702 alii
953 2658 1129 2714 plurimi
1164 2672 1266 2699 cum
1297 2660 1454 2699 fauore
1488 2672 1669 2710 magno.

40 2719 162 2774 Quin
194 2728 238 2761 et
267 2720 362 2774 ipse
390 2727 538 2762 rector
568 2719 878 2762 Vniuersitatis
912 2718 1049 2774 [cum]
1079 2731 1162 2759 suo
1190 2717 1357 2758 bidello
1393 2717 1676 2771 disputantes

39 2780 375 2821 moderabatur.
398 2781 689 2834 Quamquam
724 2778 890 2832 alioqui
913 2779 1039 2819 valde
1064 2777 1326 2817 turbulenta
1349 2784 1502 2819 essent
1526 2776 1675 2817 omnia

41 2839 229 2880 Romae.

130 2909 185 2953 29
208 2898 344 2940 huius
366 2898 656 2939 detinebatur
675 2912 699 2939 a
723 2897 940 2938 militibus
963 2896 1007 2937 in
1032 2896 1166 2936 domo
1191 2908 1309 2936 noua
1333 2896 1385 2938 R.
1409 2897 1460 2937 P.
1484 2895 1674 2935 Ioannes

41 2955 256 2998 Nicolaus
286 2972 366 3012 per
388 2957 611 3012 integram
644 2965 842 2999 noctem.
871 2956 1097 2998 Volebant
1127 2967 1322 3007 namque
1351 2954 1574 2996 fenestras
1597 2953 1674 2993 do-

41 3029 140 3057 mus
163 3015 247 3058 sibi
276 3016 497 3071 praeberi,
524 3023 568 3058 et
591 3016 772 3059 interim
796 3016 994 3065 arbores,
1021 3014 1221 3064 domum,
1248 3020 1434 3068 puteum
1459 3020 1503 3056 et
1526 3012 1674 3054 omnia
