1891 3292
510 181 650 214 EplsT.
675 180 852 225 253.—24
881 183 1124 218 Dsscenssms
1156 192 1240 228 1575
1575 185 1643 229 433

447 436 948 474 MERCURIANUS
992 440 1308 478 POLANCO

566 541 682 568 ROMA
710 542 755 576 24
781 542 1020 570 DECEMBRIS
1051 545 1138 580 1575
1166 539 1188 571 ¹.

66 638 134 676 1-3.
154 629 282 673 Quam
309 628 445 673 cupiat
473 629 515 662 in
537 628 667 663 sicula
690 629 904 673 pro-vincia
933 632 1078 675 augeri
1102 635 1283 666 mutuam
1307 635 1517 669 caritatem
1541 638 1575 669 et
1594 638 1697 681 pau-

127 689 295 735 pertatis
314 689 443 722 decus.
473 688 588 731 Quae
615 688 760 722 harum
790 689 986 723 virtutum
1012 692 1322 735 commodcc.—4.
1346 693 1602 739 Epistolium:
1622 695 1697 728 Po-

132 748 291 782 lancum
310 750 429 793 rogat
446 750 499 790 ut,
520 747 573 782 ad
582 747 808 791 favendum
826 747 1007 785 fratrum
1027 752 1291 792 concordiam,
1308 753 1350 785 in
1368 753 1512 787 siculos
1527 754 1694 788 inclina-

134 818 188 848 re,
207 807 399 850 hispanus
418 807 513 851 ipse,
535 817 613 840 non
631 806 793 840 dubitet.

155 915 189 945 1.
249 903 399 958 JesuS.
427 902 456 958 ’ζ-
481 904 544 945 Μ.
573 903 692 956 Quel
715 903 799 945 che
821 903 879 954 io,
907 905 1106 946 secondo
1130 905 1169 947 le
1188 907 1466 950 occorrentie
1485 909 1545 949 ho
1569 908 1689 950 scrit-

67 988 110 1023 to
131 981 184 1022 ad
215 980 324 1022 altre
358 978 589 1034 prouincie
618 979 737 1021 circa
773 980 958 1022 l'amore
992 990 1035 1023 et
1067 982 1206 1024 carita
1235 984 1320 1025 che
1350 984 1432 1026 dee
1455 999 1604 1028 essere
1630 986 1693 1028 fra

68 1056 217 1109 nostri,
243 1063 286 1099 et
310 1055 428 1097 circa
452 1056 465 1097 i
491 1057 630 1098 mezzi
656 1070 733 1111 per
764 1056 777 1097 i
804 1057 923 1111 quali
947 1072 1047 1100 essa
1077 1058 1113 1099 si
1141 1073 1361 1102 conserua
1391 1070 1434 1102 et
1464 1070 1691 1113 ammenta,

24 1138 31 1147 ’
68 1133 122 1176 mi
143 1134 167 1176 e
190 1147 319 1188 parso
337 1132 380 1175 di
404 1132 621 1175 scriuerlo
644 1148 759 1175 anco
782 1149 806 1175 a
832 1135 887 1177 V.
918 1135 989 1185 R„
1018 1137 1282 1190 parendomi
1305 1139 1388 1180 che
1418 1152 1501 1180 con
1531 1138 1696 1180 l⁷occa-

67 1211 186 1254 sione
223 1210 266 1251 di
305 1217 465 1264 questo
504 1210 748 1253 benedetto
794 1225 914 1254 anno
944 1225 1098 1253 nuouo
1130 1228 1219 1254 non
1251 1214 1286 1255 si
1317 1229 1448 1269 possa
1485 1217 1697 1259 mandare

66 1289 104 1330 a’
128 1287 265 1329 nostri
289 1287 496 1343 migliore
521 1287 696 1329 mancia
720 1287 762 1329 di
786 1297 960 1342 questa,
986 1290 1210 1344 sperando
1233 1292 1318 1334 che
1340 1291 1353 1332 i
1386 1292 1519 1333 Padri
1545 1301 1588 1336 et
1614 1293 1695 1335 fra-

69 1364 153 1408 telli
175 1364 219 1405 di
241 1371 414 1407 cotesta
433 1364 680 1419 prouincia,
702 1380 830 1407 come
852 1380 903 1407 so
927 1367 1015 1409 che
1034 1368 1184 1409 hanno
1203 1368 1348 1409 buona
1376 1369 1575 1425 uolonta‚
1596 1369 1690 1412 cosi

67 1442 101 1484 si
122 1442 407 1484 sforzeranno
442 1441 486 1483 di
515 1442 631 1485 bene
665 1442 709 1483 in
748 1443 915 1498 meglio
944 1443 987 1484 di
1023 1444 1252 1498 essequire
1282 1446 1384 1499 quel
1414 1448 1499 1488 che
1535 1447 1564 1487 li
1593 1450 1692 1490 sara

69 1518 286 1561 ricordato
311 1519 365 1560 da
392 1519 444 1560 V.
474 1520 524 1562 R.
553 1519 597 1560 in
623 1534 756 1563 nome
779 1520 883 1562 mio.

149 1596 202 1637 Et
224 1596 264 1637 la
287 1610 459 1637 somma
481 1596 525 1637 di
549 1605 710 1650 questo
732 1596 754 1640 ὲ
779 1599 862 1639 che
886 1598 972 1640 Dio
997 1599 1043 1642 S.
1072 1600 1128 1641 N.
1158 1599 1214 1640 mi
1238 1600 1294 1641 da
1318 1600 1554 1654 particolar
1577 1601 1691 1644 desi-

66 1672 288 1732 derio-che
317 1673 362 1714 in
392 1680 565 1716 cotesta
597 1673 829 1728 prouincia
860 1675 903 1716 di
937 1675 1090 1719 Sicilia
1123 1676 1300 1719 fiorisca
1330 1677 1405 1732 pisi
1435 1679 1519 1719 che
1548 1677 1634 1719 mai
1664 1678 1691 1719 il

65 1757 217 1791 mutuo
239 1764 406 1801 amore,
433 1758 477 1791 et
501 1750 710 1803 l'unione,
742 1766 832 1793 non
865 1754 961 1794 solo
990 1753 1060 1794 coi
1089 1754 1185 1795 loro
1216 1754 1452 1808 superiori,
1480 1770 1549 1796 ma
1581 1769 1694 1797 anco

65 1826 378 1881 specialmente
402 1841 486 1868 con
514 1828 818 1883 qualsiuoglia
843 1829 1026 1873 natione
1055 1830 1098 1872 di
1130 1830 1233 1885 quei
1264 1832 1349 1874 che
1381 1832 1549 1874 uiuono
1578 1833 1693 1875 nella

63 1902 357 1959 Compagnia.
395 1905 446 1946 Et
479 1905 642 1959 perche
671 1906 711 1947 la
741 1908 1088 1965 conseruatione
1113 1909 1227 1950 della
1252 1910 1374 1951 detta
1400 1910 1564 1952 unione
1587 1924 1692 1951 con-

64 1979 164 2022 siste
186 1981 228 2021 in
248 1981 566 2036 alcuni‘punti,
595 1984 700 2037 pero
724 1983 930 2026 desidero
952 1986 1037 2027 che
1060 1999 1159 2028 essa
1184 1986 1277 2028 loro
1300 1987 1362 2041 gli
1388 1987 1551 2028 ricordi
1571 2001 1690 2042 spes-

64 2070 126 2098 so:
156 2058 281 2099 l’uno
312 2058 332 2100 ὲ
363 2059 479 2101 della
507 2059 704 2101 interior’
736 2060 971 2116 disciplina
1000 2071 1044 2105 et
1078 2064 1382 2118 abnegatione
1410 2065 1481 2106 del
1510 2064 1691 2119 proprio

64 2133 262 2187 giuditio,
289 2150 424 2178 senza
448 2137 487 2178 le
511 2136 629 2191 quali
656 2151 745 2178 non
769 2137 806 2179 si
831 2139 873 2180 fa
902 2139 1016 2181 altro
1046 2141 1131 2181 che
1161 2139 1296 2181 tirare
1320 2142 1362 2182 lo
1392 2140 1548 2195 spirito
1577 2142 1692 2184 della

63 2209 338 2266 Compagnia
362 2213 401 2254 al
426 2208 664 2267 particolai
689 2214 881 2268 giuditio
904 2224 948 2257 et
972 2217 1128 2258 affetto
1151 2216 1194 2258 di
1219 2232 1266 2259 se
1295 2225 1456 2272 stesso,
1485 2231 1569 2259 con
1596 2232 1690 2272 per—

63 2286 147 2328 dita
166 2287 209 2328 di
233 2289 367 2330 molte
390 2289 536 2344 gratie
560 2290 600 2333 le
624 2290 743 2345 quali
775 2292 862 2334 Dio
891 2292 1076 2334 infonde
1100 2294 1221 2349 negli
1246 2294 1381 2335 animi
1412 2302 1455 2337 et
1485 2294 1691 2336 intelletti

65 2374 318 2408 ueramente
343 2366 574 2421 resignati.
606 2367 769 2410 L'altro
799 2369 823 2411 e
853 2370 957 2423 quel
981 2370 1097 2412 della
1127 2370 1361 2425 disciplina
1390 2371 1617 2423 esteriore‚
1652 2372 1691 2412 la

64 2440 189 2493 quale
211 2455 302 2483 non
326 2441 362 2483 si
386 2442 589 2496 acquista
613 2458 661 2486 se
685 2445 756 2487 nel
780 2445 1033 2500 ragionare,
1056 2449 1229 2501 operar'
1251 2455 1294 2488 et
1314 2461 1583 2489 conuersare
1602 2461 1691 2489 non

63 2515 98 2557 si
119 2518 310 2571 procede
332 2532 417 2560 con
442 2520 616 2575 grande
645 2521 871 2577 diligenza
897 2524 1241 2566 nell’osseruare
1271 2524 1486 2565 ciascuna
1520 2524 1687 2578 regola.

150 2605 189 2636 2.
256 2595 310 2636 Et
335 2605 598 2640 aeramente
621 2612 668 2641 se
692 2608 850 2652 queste
873 2600 960 2641 due
985 2614 1088 2642 cose
1111 2615 1303 2642 saranno
1328 2601 1398 2642 nei
1424 2600 1579 2654 nostri,
1602 2614 1689 2642 non

65 2668 86 2710 ὲ
107 2669 272 2713 dubbio
296 2674 378 2714 che
402 2688 491 2714 non
518 2676 644 2728 potra
669 2676 869 2729 pensarsi
893 2678 949 2719 ne
972 2677 1155 2731 parlarsi
1179 2692 1227 2719 se
1252 2692 1342 2718 non
1368 2678 1484 2720 bene
1507 2677 1551 2718 di
1575 2692 1687 2731 qua-

63 2746 226 2802 lunque
248 2750 376 2800 altro,
405 2750 729 2809 riconoscendo
753 2752 797 2794 in
822 2753 1037 2795 ciascuno
1061 2753 1186 2794 Iddio
1205 2754 1251 2796 S.
1281 2755 1356 2804 N„
1378 2763 1422 2795 et
1443 2754 1517 2808 pisi
1537 2755 1607 2795 nei
1628 2756 1690 2795 fo·

65 2823 229 2867 restieri
253 2829 320 2879 (se
342 2826 376 2868 si
402 2827 484 2870 dee
508 2827 735 2872 chiamare
759 2830 993 2873 forestiero
1027 2832 1188 2872 alcuno
1212 2832 1295 2873 che
1326 2831 1346 2872 ὲ
1377 2831 1432 2872 da
1457 2832 1544 2873 Dio
1568 2831 1689 2873 chia-

130 2930 140 2948 ¹
192 2932 246 2965 Ex
265 2939 420 2977 regesto
440 2934 517 2969 Sic.
539 2944 570 2975 1,
594 2934 658 2969 fol.
680 2934 818 2978 48r.-v.
847 2936 930 2969 Hae
962 2936 1115 2970 litterae
1142 2937 1379 2982 respondent
1407 2937 1601 2972 desiderio
1620 2938 1690 2972 Po-

64 2986 158 3023 lanci
176 2988 214 3024 in
233 2992 350 3036 epist.
378 3001 457 3036 244,
482 3006 518 3028 n.
545 2994 598 3028 13:
620 2993 669 3029 cf.
693 2994 887 3039 praeced„
911 3007 945 3028 n.
973 3004 1026 3038 19.

237 3055 394 3085 ΡυιΑΝοῙν
406 3064 673 3086 (;οΜι>Ι,ΕΜι·;ΝΊ-Α.
688 3074 702 3076 >⁴
715 3059 748 3086 T.
761 3060 794 3087 Π
1515 3065 1550 3090 25
