1891 3292
582 180 717 213 EP1sT.
748 188 901 223 219.—5
929 180 1190 223 MART111575
1584 176 1647 211 311

71 284 128 325 de
152 283 207 324 V.
237 282 308 331 P.,
335 280 468 334 quale
492 280 579 321 Dio
604 281 661 322 N.
689 280 736 323 S.
765 281 973 322 conserui
991 289 1035 322 et
1053 281 1252 335 prosperi
1275 294 1361 322 con
1381 286 1628 335 augmento
1646 279 1702 320 de

75 359 178 415 ogni
203 357 348 413 gratia
372 371 449 411 per
474 357 612 398 molto
636 357 821 399 seruitio
847 371 930 398 suo
960 366 1003 400 et
1033 359 1118 398 ben
1149 372 1360 401 comune.
1394 359 1461 399 De
1491 356 1651 410 Napoli
1677 368 1703 408 4

74 438 128 479 de
152 438 302 478 Marzo
331 445 456 488 1575.

162 515 227 555 De
253 513 308 554 V.
338 513 387 553 Ρ.
418 512 603 553 minimo
627 525 761 554 seruo
784 520 827 552 et
851 511 1023 565 figliolo
1046 512 1091 551 in
1116 513 1217 561 X.0‚

820 588 847 643 ᾧ
865 590 1056 644 JOANNE
1080 602 1141 630 DE
1169 590 1412 632 POLANCO.
1439 589 1467 642 †

160 667 421 721 Inscriptio,
448 667 481 719 †
506 667 563 707 Al
588 666 726 707 molto
751 665 865 707 Rdo.
893 665 936 705 in
965 666 1048 707 X.⁰
1078 665 1218 706 Padre
1243 673 1413 717 nostro,
1447 665 1474 704 il
1512 667 1559 706 P.
1590 665 1704 706 Eue-

75 745 206 787 rardo
233 744 534 795 Mercuriam,
563 743 794 797 preposito
817 742 1030 795 generale
1054 742 1169 783 della
1195 741 1475 795 Compagnia
1506 742 1704 796 (16]6511,

74 839 99 866 a
124 824 279 864 Roma.
1582 813 1590 823 '

161 899 318 954 Szfgz'llz'
341 899 604 953 vestigium.

419 1151 701 1188 POLANCUS
729 1151 771 1187 P.
802 1148 1043 1186 ANTONIO
1071 1148 1364 1185 POSSEVINO

597 1255 782 1281 NEAPOLI
808 1255 827 1288 5
856 1253 1002 1279 MARTH
1034 1253 1121 1288 1575
1151 1245 1176 1282 ¹.

342 1341 550 1385 Quaedam
572 1342 693 1376 dubia
714 1343 759 1375 de
779 1340 961 1385 injuncto
981 1339 1054 1373 sibi
1072 1351 1237 1373 munere
1251 1341 1455 1385 proponit.

156 1440 252 1495 Jhs.
292 1438 432 1481 Molto
468 1438 581 1481 Rdo.
615 1437 659 1479 in
697 1436 781 1480 X.0
824 1437 984 1478 Padre.
1026 1437 1119 1477 Pax
1152 1434 1338 1485 Christi,
1371 1443 1456 1476 etc.
1500 1435 1722 1478 Vedendo

78 1517 178 1570 quel
200 1515 441 1569 quinterno
459 1515 529 1558 dei
556 1514 734 1569 bisogni
760 1514 876 1556 della
896 1512 1132 1568 prouincia
1156 1512 1200 1552 di
1223 1511 1377 1555 Sicilia
1402 1511 1433 1562 ²,
1457 1513 1518 1553 ho
1546 1519 1724 1553 trouato

78 1593 311 1635 occasione
341 1592 384 1634 di
414 1592 595 1633 dubitar
625 1592 743 1635 nelle
775 1591 935 1632 istesse
969 1590 1181 1644 risposte‚
1208 1590 1376 1644 perche
1405 1603 1495 1630 non
1527 1603 1575 1630 so
1607 1603 1654 1630 se
1687 1593 1726 1635 si

78 1669 139 1711 sia
169 1671 280 1711 fatto
314 1670 463 1724 quello
494 1671 580 1711 che
615 1669 651 1710 si
682 1669 892 1723 risponde
923 1666 1102 1710 douersi
1135 1667 1234 1717 far’3
1267 1674 1311 1708 et
1341 1665 1448 1720 pero
1479 1666 1643 1707 notaro
1678 1665 1721 1706 in

80 1747 216 1789 breue
245 1746 393 1800 questi
423 1747 541 1801 capi,
574 1746 807 1801 pregando
837 1746 897 1787 V.
935 1746 987 1787 R.
1021 1744 1060 1785 ci
1090 1743 1202 1785 auisi
1237 1758 1284 1784 se
1314 1743 1389 1797 gia
1414 1742 1450 1784 si
1482 1743 1504 1785 e
1530 1743 1639 1784 fatta
1663 1742 1718 1783 ri-

78 1832 243 1878 sposta‚
269 1831 313 1865 et
347 1825 528 1877 quando
565 1838 655 1865 non
691 1823 812 1864 fusse
837 1822 964 1872 farta,
998 1821 1033 1862 si
1063 1820 1266 1863 contenti
1304 1820 1347 1861 di
1378 1820 1652 1874 procurarla:

79 1902 160 1944 che
181 1916 229 1944 se
252 1915 340 1942 non
375 1901 411 1942 si
436 1900 625 1951 facesse,
653 1900 696 1942 io
719 1899 958 1942 intendero
982 1900 1067 1940 che
1101 1906 1256 1940 nostro
1288 1898 1433 1939 Padre
1468 1898 1604 1939 uuole
1638 1898 1721 1938 che

47 1995 50 1999 ’
79 1978 219 2033 prima
244 1978 450 2021 uediamo
468 1979 509 2019 16
533 1992 652 2030 6056,
675 1985 719 2018 61
743 1976 1028 2017 informiamo
1051 1990 1132 2017 sua
1153 1974 1271 2025 ΡΝ,
1293 1975 1376 2015 6116
1396 1974 1632 2028 risponda.
1660 1974 1724 2016 Le

79 2069 182 2097 cose
205 2063 359 2098 notate
382 2055 427 2096 in
451 2055 576 2096 detto
600 2054 842 2109 quinterno
866 2068 978 2095 sono
1001 2055 1041 2095 16
1064 2052 1291 2107 seguenti.

170 2145 204 2174 Ι.
272 2132 404 2174 Circa
432 2132 461 2173 il
485 2132 719 2173 coadiutor
743 2146 820 2185 per
843 2131 870 2171 il
899 2132 949 2172 P.
985 2131 1128 2172 Paulo
1151 2129 1394 2183 d’Achille,
1421 2129 1458 2170 si
1492 2128 1720 2183 risponde:

81 2208 273 2251 Curetur
298 2209 542 2264 prouideri,
569 2216 613 2252 et
636 2209 769 2252 detur
793 2208 1054 2252 memoriale
1077 2207 1324 2250 assistenti.

166 2298 207 2328 2.
272 2287 303 2327 Il
338 2286 617 2342 prouinciale
649 2288 707 2327 ha
740 2300 854 2341 gran
893 2286 1087 2340 bisogno
1120 2284 1229 2325 d'un
1264 2297 1521 2338 compagno
1561 2284 1645 2324 che
1681 2282 1723 2323 10

81 2362 204 2419 aiuti,
229 2373 317 2407 616.
345 2364 392 2407 81
417 2363 644 2418 risponde:
679 2362 919 2417 Relinquat
950 2362 1021 2403 hic
1051 2362 1328 2415 catalogum,
1354 2369 1442 2403 etc.
1480 2359 1535 2402 Di
1566 2366 1724 2412 queste

82 2441 167 2483 due
189 2455 292 2484 cose
317 2441 460 2496 potria
483 2440 557 2495 gia
582 2440 688 2482 forsi
712 2454 835 2483 esser
861 2441 970 2481 satta
994 2438 1267 2494 prouisione.

168 2531 208 2571 3.
274 2519 415 2560 Come
448 2518 484 2559 51
517 2517 734 2572 sgrauera
769 2518 809 2558 la
842 2516 1072 2571 prouincia
1104 2516 1317 2558 hauendo
1351 2522 1497 2557 trenta
1531 2527 1722 2568 persone

80 2594 169 2649 piu,
195 2602 279 2638 etc.
306 2595 354 2638 81
377 2595 606 2649 risponde:
635 2596 780 2637 Detur
803 2593 1060 2636 informatio
1084 2593 1128 2634 in
1154 2592 1406 2644 indiuiduo,
1433 2598 1520 2633 etc.

152 2696 162 2714 ¹
215 2696 271 2730 Ex
293 2696 506 2740 archetypo
527 2695 564 2729 in
583 2695 719 2729 codice
739 2695 867 2740 Epist.
890 2694 1073 2734 Polanci,
1097 2703 1114 2726 2
1134 2692 1193 2736 ff„
1213 2705 1249 2726 n.
1272 2691 1332 2736 78,
1353 2691 1459 2736 prius
1482 2690 1538 2725 23.
1564 2689 1723 2724 Numeri

87 2756 315 2800 marginales
334 2755 373 2790 in
392 2768 463 2792 ms,
489 2761 592 2791 sunt.
628 2756 793 2790 Exstant
810 2754 912 2789 inter
938 2755 1061 2789 lineas
1088 2752 1359 2787 adnotationes
1386 2751 1578 2797 quaedam
1608 2761 1724 2784 manu

82 2814 121 2849 P.
144 2815 303 2850 Antonii
333 2815 550 2859 Possevini,
579 2814 781 2849 secretarii
803 2814 1027 2857 Societatis,
1048 2824 1148 2859 quae
1167 2811 1432 2857 responsionis
1463 2810 1590 2855 capita
1625 2808 1722 2843 indi-

82 2879 181 2909 cant:
214 2874 315 2909 unde
342 2886 675 2920 supervacaneum
699 2874 877 2908 ducimus
909 2885 975 2907 eas
1004 2872 1278 2915 transcribere,
1309 2882 1427 2916 quum
1448 2868 1651 2915 responsio
1672 2868 1721 2903 sit

82 2932 191 2977 infra,
213 2935 285 2969 sub
305 2946 342 2969 n.
378 2943 461 2970 222,
482 2933 608 2969 Simili
632 2940 745 2980 pacto
768 2933 976 2968 dicendum
1004 2932 1051 2966 de
1086 2931 1217 2965 multis
1243 2930 1499 2976 sequentibus
1532 2927 1724 2974 epistolis.

150 2993 162 3012 ²
218 2993 279 3028 Cf.
301 3005 430 3039 supra,
452 3005 625 3029 monum.
651 3002 730 3038 217,
753 2999 884 3030 annot.
906 3002 938 3027 2.
