1891 3292
592 205 1125 253 COMMENTAR1OLA.-1569
1550 208 1617 252 697

41 324 176 370 gense
199 308 374 351 curauit
398 322 422 349 a
445 307 645 362 capitulo
669 308 909 351 varmiensi
935 323 1036 351 cum
1061 309 1273 352 cardinali
1304 309 1462 364 augeri
1487 307 1664 350 redditi-

41 374 122 415 bus
143 383 232 411 non
254 367 448 423 exiguis,
475 374 518 408 et
544 366 821 408 fundationis
851 368 1038 420 litteras,
1071 368 1195 410 iuxta
1226 369 1543 423 praescriptam
1576 369 1663 409 Ro-

41 444 134 474 mae
163 428 398 469 formulam
428 425 567 467 refici.
601 426 717 468 Cum
748 440 855 480 rege
887 427 1021 469 etiam
1055 435 1099 469 et
1132 427 1340 482 praelatis
1370 426 1586 469 ecclesiae
1616 439 1666 467 ac

42 487 261 532 nobilibus
292 501 382 527 non
427 499 585 540 parum
618 492 686 527 est
720 492 868 526 actum
904 487 958 528 ad
991 501 1144 529 eorum
1180 486 1541 528 beneuolentiam
1581 499 1664 526 au-

41 547 244 605 gendam.
448 582 459 585 -

125 606 197 647 82.
262 603 518 658 Elbinguae
549 604 680 658 (quae
703 602 862 645 ciuitas
892 604 1072 658 publico
1100 618 1325 646 consensu
1354 603 1551 646 heretica
1580 605 1666 654 est)

40 665 119 709 sub
141 663 311 706 diocesi
333 662 603 712 Warmiensi,
631 662 737 702 dum
762 662 1029 706 auctoritate
1052 663 1306 713 cardinalis,
1335 664 1515 704 fauente
1544 676 1664 716 rege,

40 723 176 767 nostri
197 721 541 772 concionantur,
567 735 658 762 non
684 720 782 762 sine
805 722 925 763 vitae
954 722 1168 776 pericul0‚
1202 729 1245 763 et
1275 730 1553 763 sacramenta
1588 720 1667 761 mi-

41 783 242 835 nistrant,
271 782 449 823 tandem
475 782 560 822 hoc
584 793 703 821 anno
727 780 891 821 ostium
918 795 1007 822 non
1033 781 1248 836 exiguum
1283 780 1530 822 catholicae
1558 779 1669 822 veri-

41 841 114 885 tati
137 855 188 883 ac
212 839 435 895 relligioni
458 847 664 894 apertum
689 847 772 881 est.
818 860 823 871 v

124 901 194 954 83.
260 899 308 941 In
359 898 587 949 Brassilia,
629 898 674 939 in
715 898 902 939 ciuitate
941 898 1189 941 Saluatoris
1238 913 1262 939 a
1314 900 1447 940 Patre
1492 897 1668 951 Ignatio

18 960 79 1003 =d’
109 960 338 1009 Acebedo,
366 957 613 1008 visitatore,
640 957 1103 1012 domus-probationis
1127 957 1271 1011 Aprili
1294 971 1447 999 mense
1471 955 1669 997 constitu

42 1026 97 1071 ta,
121 1028 165 1060 et
189 1018 336 1060 studia
360 1018 405 1058 in
430 1019 618 1059 formam
642 1016 876 1059 meliorem
900 1024 1005 1058 sunt
1031 1017 1228 1059 redacta.

842 1140 870 1195 ᾧ

611 1232 740 1261 ANNO
774 1230 947 1260 DOMINI
989 1217 1098 1273 1559

131 1328 166 1359 Ι.
234 1315 318 1358 Die
342 1321 504 1369 quarta
529 1313 735 1365 Ianuarii,
756 1327 858 1354 cum
885 1313 1021 1354 ΙΙΙ.1Ῑὶυὸ
1043 1311 1187 1354 Car.lis
1210 1313 1386 1364 Carafa,
1411 1325 1494 1353 suo
1518 1319 1562 1353 et
1585 1310 1674 1352 col-

47 1376 244 1431 legarum
270 1374 314 1416 in
337 1373 629 1429 deputatione
652 1372 946 1414 cardinalium
973 1372 1027 1413 ad
1057 1372 1400 1414 conuersionem
1429 1370 1673 1411 infidelium

38 1435 237 1487 nomine,
265 1436 481 1488 quasdam
504 1434 742 1474 facultates
761 1432 874 1473 Vltro
895 1430 947 1488 [?]
968 1431 1239 1474 ostendisset
1258 1444 1433 1472 summo
1452 1428 1671 1483 pontifici,

43 1502 217 1537 nostrae
253 1493 468 1537 Societati
503 1492 548 1534 in
582 1492 705 1533 India
741 1491 862 1546 regis
895 1490 1201 1545 Portugalliae
1229 1489 1563 1537 concedendas,
1600 1502 1676 1530 eas

0 1581 1 1586 =
44 1554 96 1596 ad
117 1553 354 1596 decenium
379 1551 619 1595 concessit.
649 1552 781 1606 Quae
813 1550 915 1593 illae
944 1549 1048 1599 sint,
1084 1564 1138 1591 ex
1173 1549 1431 1592 testimonio
1460 1546 1673 1602 praedicti

0 1646 1 1652 ,
44 1612 276 1654 cardinalis
299 1612 437 1653 huius
455 1610 779 1663 concessionis,
802 1611 934 1652 viuae
953 1609 1076 1651 vocis
1097 1608 1278 1650 oraculo
1298 1610 1457 1657 factae,
1480 1612 1671 1648 constat.

128 1684 168 1715 2.
235 1671 455 1726 Sequenti
489 1670 577 1720 die,
619 1684 722 1711 cum
762 1683 850 1724 ego
888 1668 1096 1711 adiissem
1131 1682 1357 1709 summum
1394 1665 1673 1721 pontificem,

45 1739 138 1786 post
160 1731 359 1772 habitam
386 1745 465 1785 pro
490 1732 623 1772 Patre
647 1737 805 1771 nostro
829 1728 1028 1782 generali
1053 1735 1097 1768 et
1121 1735 1214 1768 tota
1237 1726 1465 1769 Societate
1494 1723 1674 1767 benedi·

0 1802 2 1811 *
44 1790 248 1841 ctionem,
275 1791 318 1831 in
345 1789 605 1832 memoriam
630 1788 785 1843 redegi
810 1789 856 1831 S.
885 1786 972 1838 S.¹³,
1006 1801 1121 1840 quae
1151 1786 1259 1827 alias
1287 1785 1485 1827 dixeram
1517 1784 1572 1825 de
1601 1783 1675 1823 ob-

0 1886 1 1889 ,
44 1850 295 1892 seruatione
319 1857 467 1891 motus
498 1848 663 1904 proprii
696 1848 764 1890 Pii
794 1862 936 1902 papae
965 1848 1041 1888 IIII
1072 1846 1190 1888 circa
1220 1845 1324 1888 fidei
1355 1842 1675 1899 professionem

45 1908 86 1951 in
108 1909 477 1951 Vniuersitatibus
506 1908 674 1959 Italiae,
702 1906 1070 1962 quandoquidem
1104 1906 1147 1946 in
1178 1903 1420 1947 Germania
1452 1917 1503 1945 ea
1534 1901 1677 1943 fuerat

0 1992 1 1999 κ
46 1967 127 2009 iam
152 1968 352 2021 inducta;
377 1976 422 2010 et
446 1967 696 2009 commissit
725 1966 832 2008 mihi
863 1973 910 2007 vt
942 1980 1025 2007 suo
1054 1964 1235 2006 nomine
1263 1962 1446 2005 domino
1476 1962 1677 2003 Thomae

0 2055 3 2068 Ξ
46 2028 386 2070 Aldrouandino
419 2027 634 2077 dicerem,
671 2033 720 2067 vt
753 2026 926 2068 litteras
960 2024 1232 2080 apostolicas
1265 2023 1308 2064 in
1348 2022 1489 2063 forma
1528 2019 1679 2061 breuis

0 2220 3 2244 ι

0 2267 4 2308 ἱ

46 2087 258 2130 scriberet
296 2086 669 2129 vniuersitatibus
705 2084 975 2128 bononiensi
1015 2087 1064 2127 eC
1098 2082 1348 2138 perusinae,
1383 2081 1548 2134 quibus
1583 2078 1681 2120 eius

46 2153 188 2188 motus
219 2146 385 2201 proprii
413 2145 671 2189 obseruatio
698 2145 762 2188 eis
795 2144 1142 2199 praeciperetur,
1174 2149 1218 2184 et
1249 2141 1531 2196 potissimum
1562 2137 1681 2180 circa

47 2207 373 2259 promouendos
385 2206 440 2247 ad
459 2207 702 2261 gradus,et
721 2204 927 2259 publicae
949 2202 1042 2260 [sic]
1057 2202 1439 2257 praelecturos3et
1457 2206 1503 2239 vt
1523 2197 1594 2239 alii
1614 2211 1678 2238 se-

46 2265 247 2317 cretario,
273 2265 444 2307 scilicet
467 2265 607 2319 equiti
630 2264 843 2319 Vgolino,
862 2265 1027 2317 >eodem
1053 2276 1135 2303 suo
1158 2260 1339 2301 nomine
1358 2257 1676 2313 significarem,

1 2327 5 2381 j
47 2329 93 2364 vt
108 2324 278 2367 litteras
302 2324 521 2367 scriberet
545 2324 769 2379 episcopis
786 2322 942 2364 Italiae
959 2322 1014 2363 de
1032 2319 1350 2363 obseruatione
1367 2318 1568 2360 eiusdem
1590 2328 1680 2355 mo-

2 2384 116 2424 1'tus
154 2384 335 2438 proprii;
377 2392 421 2426 et
460 2385 612 2426 nullus
650 2382 965 2425 admitteretur
1004 2381 1059 2422 ad
1096 2379 1275 2421 scholas
1313 2377 1445 2420 etiarn
1483 2375 1680 2429 priuatas

48 2452 322 2498 praeceptor,
349 2443 425 2498 qui
450 2458 540 2484 non
565 2443 689 2484 iuxta
713 2442 914 2485 eiusdem
940 2447 1090 2481 motus
1121 2437 1285 2493 proprii
1317 2444 1516 2478 tenorem
1546 2434 1678 2474 fidem

46 2514 167 2543 suam
194 2503 496 2556 profiteretur;
524 2510 568 2545 et
592 2510 833 2555 Vtrumque
857 2499 1005 2542 statim
1031 2513 1129 2540 sum
1157 2505 1393 2540 executus.
1424 2493 1597 2536 Deinde
1624 2491 1680 2534 de

48 2559 259 2614 depositis
294 2564 361 2615 (vt
391 2563 536 2617 vulgo
566 2562 782 2616 quasdam
817 2574 975 2601 vsuras
1010 2559 1194 2608 vocant)
1228 2554 1319 2609 egi,
1355 2562 1399 2595 et
1433 2551 1679 2594 commissit

47 2618 150 2661 mihi
173 2622 219 2664 S.
248 2622 345 2665 S.t³⁵
370 2629 416 2662 vt
439 2621 626 2663 domino
650 2621 900 2663 Ormaneto
923 2633 1007 2660 suo
1028 2616 1208 2658 nomine
1227 2613 1540 2656 executionem
1561 2624 1679 2651 com-

50 2680 301 2722 mendarem
341 2688 490 2723 motus
524 2680 688 2736 proprii
724 2678 933 2727 faciendi,
972 2691 1061 2731 quo
1100 2690 1152 2717 ea
1186 2688 1289 2716 cum
1325 2670 1512 2714 cambiis
1550 2668 1681 2711 siccis

48 2736 384 2783 damnarentur.
412 2742 480 2783 De
510 2738 808 2782 matrimoniis
837 2738 880 2779 in
910 2736 1062 2778 Indiae
1092 2733 1354 2788 regionibus
1384 2730 1474 2784 egi,
1509 2736 1551 2771 et
1576 2742 1679 2769 con·

47 2796 193 2839 cilium
219 2799 512 2841 tridentinum
537 2797 911 2847 commonstraui,
938 2795 1013 2836 vbi
1048 2794 1211 2835 dicitur
1247 2792 1384 2832 robur
1419 2788 1679 2830 habitururn

49 2854 274 2899 decretum
297 2858 408 2900 illud
432 2865 590 2900 contra
613 2857 892 2900 clandestina
917 2852 1215 2901 matrimonia,
1243 2857 1481 2905 postquam
1514 2847 1557 2887 in
1584 2860 1678 2899 par-

53 2916 198 2958 rochia
230 2918 391 2971 quauis
414 2926 534 2960 esset
558 2917 853 2972 publicatum,
883 2927 936 2968 30
970 2913 1129 2954 diebus
1159 2909 1348 2952 exactis:
1374 2908 1491 2948 vnde
1525 2903 1682 2957 colligi

53 2975 222 3017 censuit
250 2984 404 3032 aperte
433 2978 482 3021 S.
514 2978 607 3020 SJas
637 2977 756 3030 quod
785 2974 857 3016 vbi
889 2986 972 3015 nec
1005 2969 1219 3026 parochia
1248 2982 1331 3010 nec
1362 2965 1679 3029 parochi-sunt

53 3031 112 3086 (vt
133 3033 177 3076 in
199 3036 378 3091 Iapone,
405 3045 449 3080 et
472 3036 569 3078 aliis
592 3036 635 3077 in
661 3033 924 3090 regionibus
949 3030 1084 3086 patet)
1119 3027 1359 3071 concilium
1385 3025 1676 3067 tridentlnum
