1891 3292
607 154 1135 202 COMMENTARIOLA.—1565
1576 158 1644 202 647

57 263 177 300 retus
205 268 307 295 cum
338 254 435 296 aliis
470 255 769 298 hereticorum
801 258 1063 312 proceribus
1093 259 1268 314 expulsi
1297 274 1349 302 ea
1378 274 1433 302 ex
1462 259 1571 301 vrbe
1597 259 1690 302 fue-

59 321 176 358 runt.

141 383 212 425 27.
278 373 448 415 Eodem
473 380 676 428 ternpore
699 373 836 416 misso
855 377 910 417 D.
934 377 1118 419 Andrea
1136 377 1400 419 Auantiano
1426 384 1619 428 rectore,
1645 384 1690 419 et

57 435 107 477 P.
135 434 269 474 Petro
293 429 404 475 Vela
429 432 766 483 concionatore,
793 435 1074 478 verdunense
1103 437 1363 491 collegium,
1390 436 1465 477 vbi
1494 437 1579 478 iam
1611 451 1686 479 no·

55 491 130 535 stri
152 490 332 544 quidam
357 492 537 533 scholas
559 502 846 546 aperuerant,
874 495 1117 536 admissum
1142 503 1225 537 est.

140 550 210 592 28.
277 551 378 592 Hoc
401 552 502 605 ipso
521 559 741 593 autumno
765 553 928 594 missus
951 562 1020 595 est
1043 569 1096 596 ex
1122 555 1244 596 Vrbe
1270 555 1320 596 P.
1349 554 1610 596 Ludouicus
1633 555 1689 598 de

54 610 297 662 Coudreto‚
319 618 363 651 et
386 609 458 651 alii
482 610 645 653 delecti
663 611 718 652 ad
742 612 984 666 collegium
1005 612 1340 656 Chiamberiaci
1359 613 1684 665 inchoandum,

54 669 97 710 in
120 682 207 722 quo
230 669 322 710 duo
345 668 413 711 vel
443 676 532 711 tres
561 669 647 711 iam
678 670 919 724 disponere
954 686 1024 713 res
1053 680 1283 726 ceperant,
1310 679 1354 714 et
1387 672 1445 713 ita
1481 673 1611 715 ducis
1643 672 1688 714 id

54 726 244 783 petentis
263 736 306 770 et
324 728 527 770 redditus
546 729 744 783 collegio
764 730 1039 785 assignantis
1058 732 1278 774 voluntati
1302 731 1583 773 satisfactum
1602 740 1685 774 est.

138 797 207 841 29.
275 788 379 829 Duo
402 787 537 829 etiarn
555 789 817 830 sacerdotes
834 789 878 830 in
896 791 1054 832 vallem
1076 792 1374 845 Angrognae,
1393 791 1551 832 eodem
1571 792 1687 834 duce

51 847 309 901 postulante
331 853 375 888 et
403 846 623 889 Pontifice
646 846 849 897 iuben‘te,
878 849 999 890 missi
1020 850 1218 892 fuerunt:
1248 852 1299 892 P.
1329 849 1530 904 Baptista
1554 851 1686 893 Vela-

52 912 121 946 tus
142 915 185 946 et
213 907 261 948 P.
295 906 556 960 Stephanus
587 907 838 959 Baroellus3
870 907 942 949 vbi
972 909 1251 951 valdensium
1283 908 1528 962 relliquiae,
1560 923 1684 964 spem

16 1014 17 1017 Ἴ
53 963 221 1006 reditus
245 965 301 1006 ad
325 965 543 1008 ecclesiae
567 966 791 1021 gremium
817 967 1051 1018 dederant;
1073 982 1162 1009 non
1182 976 1329 1010 tamen
1349 967 1592 1009 admissum
1618 975 1685 1010 est

52 1022 286 1078 collegium
313 1026 433 1078 quod
456 1024 514 1066 ibi
539 1026 829 1069 offerebatur.

138 1094 209 1135 30.
277 1084 579 1126 Instauratum
604 1092 671 1127 est
695 1085 788 1128 fere
817 1085 904 1126 hoc
938 1092 1140 1140 ternpore
1163 1086 1403 1140 collegium
1436 1092 1680 1129 turnonen-

51 1154 111 1192 se,
137 1149 316 1196 propter
340 1144 456 1186 bella
479 1151 523 1187 et
546 1152 719 1199 pestem
753 1143 1035 1200 dissipatum,
1068 1152 1111 1187 et
1142 1145 1359 1188 lectiones
1392 1146 1542 1186 denuo
1578 1153 1683 1186 sunt

49 1198 329 1259 [inchoatae].

136 1272 207 1313 31.
274 1262 462 1317 Neapoli
487 1263 670 1305 scholae
693 1262 927 1306 inferiores
944 1276 999 1304 ex
1024 1269 1147 1317 parte
1171 1262 1466 1314 intermissae;
1486 1262 1671 1305 rhetori-

47 1332 120 1360 ces
143 1328 310 1375 autern,
337 1334 497 1363 cursus
520 1323 681 1364 artium
700 1332 743 1363 et
769 1322 1025 1377 theologiae
1049 1321 1264 1364 lectiones
1287 1330 1391 1364 sunt
1414 1322 1669 1365 inchoatae.

135 1390 204 1432 32.
272 1381 509 1424 Messanae
538 1382 695 1424 eodem
727 1389 946 1423 autumno
978 1389 1068 1423 tres
1097 1381 1258 1423 artium
1288 1395 1462 1432 cursus,
1489 1380 1673 1424 ciuitate

45 1437 86 1478 id
109 1445 305 1492 petente,
332 1439 544 1483 inchoati.

130 1509 200 1552 33.
267 1500 315 1541 In
349 1500 540 1555 collegio
568 1500 801 1542 lauretano
830 1499 991 1542 domus
1025 1499 1301 1554 probationis
1335 1513 1413 1554 pro
1446 1498 1672 1542 Thusciae

44 1557 272 1610 prouincia
294 1558 523 1612 inchoata;
551 1573 630 1614 pro
655 1559 972 1614 Longobardia
996 1573 1117 1610 vero,
1145 1558 1372 1602 Veneciis.

129 1628 198 1670 34.
266 1619 313 1659 In
337 1618 598 1673 germanico
619 1619 811 1674 collegio
835 1618 1110 1673 probationis
1140 1618 1271 1661 etiam
1303 1618 1463 1659 domus
1490 1616 1671 1658 inchoa-

45 1679 128 1727 tur3
154 1684 197 1718 et
221 1678 478 1732 praefectus
507 1692 561 1721 eo
585 1677 749 1720 missus
772 1687 839 1720 est
869 1692 1023 1721 eorum
1048 1678 1123 1733 qui
1153 1677 1212 1719 ibi
1244 1678 1508 1732 probantur,
1534 1683 1582 1717 vt
1605 1676 1672 1717 vi—

43 1733 197 1777 deatur
214 1751 270 1778 an
295 1737 447 1780 idonei
471 1737 581 1780 sint.

129 1804 199 1848 35.
268 1798 318 1838 Ρ.
344 1797 505 1840 Petrus
523 1795 749 1847 Canisius,
769 1796 1024 1851 Superioris
1041 1795 1314 1839 Germaniae
1334 1794 1635 1850 prouincialis‚
1649 1808 1673 1836 a

42 1865 215 1896 summo
242 1855 456 1910 pontifice
479 1856 536 1899 ad
566 1855 788 1910 principes
817 1855 1088 1900 Germaniae
1117 1855 1397 1906 inuisendos,
1429 1853 1673 1896 concilium

41 1911 103 1953 eis
124 1913 436 1970 deferendum,
463 1924 507 1958 et
531 1915 615 1958 alia
638 1929 753 1969 quae
775 1916 829 1957 ad
855 1915 1119 1971 religionem
1137 1922 1288 1957 essent
1306 1921 1561 1969 opportuna
1587 1920 1672 1954 tra-

42 1973 202 2015 ctanda
236 1974 448 2018 dimissus
481 1982 565 2027 est;
601 1981 645 2016 et
678 1975 834 2016 doctor
866 1974 1175 2017 Theodoricus
1199 1974 1426 2024 Canisius,
1453 1973 1675 2027 vice-pro-

42 2029 243 2075 uincialis
266 2036 471 2088 effectus,
500 2033 647 2076 fratris
672 2034 769 2076 loco
794 2034 1054 2089 prouinciae
1076 2034 1278 2076 eiusdem
1298 2031 1673 2088 gubernationem

41 2092 250 2147 suscepit.

126 2151 196 2204 36.
263 2153 379 2196 Cum
406 2154 521 2196 Foro
540 2152 656 2195 Liuii
675 2154 839 2195 domus
862 2161 905 2196 et
930 2151 1119 2196 ecclesia
1138 2151 1318 2207 collegii
1336 2150 1477 2193 nostri
1498 2150 1673 2192 ruinam

42 2207 294 2264 minaretur,
321 2214 406 2254 hoc
424 2212 522 2268 ipso
543 2219 759 2268 tempore,
788 2220 882 2254 tum
907 2212 1108 2265 scholae,
1137 2219 1230 2253 tum
1257 2210 1548 2253 concionator
1571 2210 1674 2251 sub-

40 2265 154 2311 latus
176 2279 259 2322 est,
281 2280 326 2314 et
357 2271 486 2327 pauci
517 2271 577 2313 ibi
608 2271 764 2324 relicti,
797 2271 872 2327 qui
897 2271 1191 2314 instaurando
1219 2270 1432 2320 aedifitio,
1454 2270 1525 2310 vel
1550 2282 1674 2311 nouo

40 2331 343 2373 construendo
365 2332 524 2375 darent
548 2345 747 2386 operam.

127 2399 196 2441 37.
263 2391 432 2433 Eodem
464 2398 666 2445 tempore
696 2389 881 2434 Ameria
905 2391 1087 2432 scholae
1113 2390 1320 2444 publicae
1348 2388 1553 2430 sublatae
1580 2388 1673 2428 fue-

40 2457 156 2489 runt.
183 2449 299 2491 Cum
325 2450 444 2493 enim
469 2451 526 2492 ob
550 2449 751 2505 priuatas
780 2449 897 2491 inter
925 2449 1047 2504 ipsos
1077 2448 1201 2491 ciues
1228 2446 1559 2499 contentiones,
1597 2459 1673 2488 ca-

39 2509 160 2557 ptata
184 2509 440 2560 occasione,
468 2508 602 2564 pauci
631 2509 707 2563 qui
741 2508 930 2551 consilio
960 2508 1143 2563 publico
1173 2509 1285 2550 forte
1308 2507 1573 2560 intererant,
1599 2506 1673 2547 de-

38 2566 286 2610 creuissent
308 2569 490 2611 scholas
513 2568 727 2621 anostris
744 2569 1032 2618 auferendas,
1055 2566 1351 2610 remouendas
1369 2564 1554 2607 omnino
1571 2578 1673 2607 cen-

37 2621 124 2665 suit
146 2626 364 2681 Societas,
391 2635 436 2671 et
459 2627 668 2682 quamuis
692 2627 788 2683 ipsa
818 2627 1109 2682 postmodum
1140 2626 1301 2668 ciuitas
1329 2623 1571 2680 plurimum
1596 2637 1676 2678 per

37 2679 204 2728 litteras
226 2687 525 2730 contenderet
547 2694 595 2728 vt
619 2687 756 2741 aliqui
785 2694 1101 2742 praeceptores
1130 2686 1190 2727 ibi
1220 2690 1470 2734 manerent,
1497 2697 1587 2725 non
1611 2682 1675 2726 eis

38 2743 261 2796 acquieuit
285 2746 512 2802 generalis
533 2746 838 2802 praepositus3=
863 2745 948 2787 illis
972 2752 1124 2787 autem
1154 2743 1351 2795 remotis,
1377 2741 1553 2796 aliquos
1576 2741 1673 2785 red-

38 2798 154 2844 ditus
177 2804 381 2848 decreuit
404 2806 566 2848 ciuitas
589 2805 783 2861 collegio
808 2812 963 2847 nostro
987 2804 1286 2859 assignandos
1310 2803 1369 2844 ob
1392 2809 1577 2856 accepta
1599 2801 1673 2844 be-

38 2860 216 2905 neficia.

72 2924 77 2931 “
125 2922 195 2975 38.
265 2925 396 2966 Tunc
420 2923 651 2980 temporis,
678 2923 722 2965 id
745 2930 829 2975 est,
852 2936 1007 2966 mense
1032 2921 1222 2965 Octobri
1246 2920 1398 2963 relicta
1422 2926 1491 2962 est
1513 2919 1675 2962 domus

40 2988 140 3022 cum
173 2983 367 3026 ecclesia
403 2997 520 3038 quae
560 2981 803 3038 Virginum
841 2981 1177 3024 inuocationem
1221 2981 1360 3024 habet
1397 2981 1670 3031 Maceratae,
