1891 3292
598 239 1130 285 COMMENTAmoLA.—1567
1557 241 1626 287 673

44 349 123 395 est,
162 348 210 383 vt
244 346 505 395 procurator
544 340 863 382 communibus
892 341 1224 397 hispanicarum
1250 342 1581 397 prouinciarum
1599 356 1673 386 ex-

45 399 206 458 pensis,
233 406 281 441 vt
299 398 509 441 omnibus
531 398 783 451 inseruiret,
809 401 1017 443 aleretur.

139 471 205 502 12.
271 457 406 500 Hoc
396 471 492 513 1pso
515 458 619 500 anni
643 457 770 499 initio
788 472 889 500 cum
912 462 962 501 P.
985 461 1156 503 Natalis
1173 461 1376 504 visitator
1399 461 1673 516 prouinciam

49 517 192 562 Rheni
214 517 432 568 visitaret,
459 517 725 570 Moguntiae
749 518 1024 560 nouitiorum
1049 521 1231 562 domurn
1254 519 1496 573 ordinauit,
1522 520 1675 574 eisque

47 576 312 633 magistrum
336 576 566 630 praefecit.
593 576 760 618 Domui
784 576 918 619 etiam
943 580 1253 621 conuictorum
1277 587 1513 621 externum
1547 593 1674 622 oeco-

48 650 230 680 nomum
255 635 395 690 dedit,
421 642 469 676 vt
491 642 1056 690 separarenturexpensae
1085 638 1202 680 illius
1226 639 1282 680 ab
1304 638 1515 693 expensis
1537 638 1677 681 nostri

47 695 246 750 collegii,
293 708 396 736 cum
431 707 521 749 quo
553 695 731 737 fuerant
767 709 1053 748 communes;
1087 705 1130 740 et
1159 698 1203 739 in
1233 697 1460 740 meliorem
1491 698 1676 740 formam

45 754 194 799 omnia
216 742 323 796 sunt
346 753 546 798 redacta.

141 825 207 867 13.
278 813 445 855 Eodem
467 819 669 868 tempore
694 813 986 854 Marchenam
1011 815 1067 855 ad
1090 829 1260 856 nouum
1283 814 1528 870 collegium
1552 813 1678 857 inha—

49 872 281 917 bitandum
305 871 429 914 missi
451 879 558 913 sunt
582 869 836 926 complures
859 886 914 913 ex
937 873 1128 927 nostris,
1155 874 1319 928 quibus
1342 882 1487 915 rector
1510 874 1679 928 praese-

48 940 147 976 ctus
169 938 238 974 est
264 932 315 973 P.
341 931 548 984 Salazar‚
575 937 621 972 et
650 930 984 973 sanctissimum
1017 909 1326 975 Eucharistiae
1349 941 1679 975 sacramentum

49 993 91 1034 in
113 990 350 1035 ecclesiam
375 996 444 1033 est
466 964 718 1033 inductum.

141 1062 210 1102 14.
275 1049 445 1093 Eodem
466 1055 669 1104 tempore
686 1063 789 1092 cum
809 1049 855 1092 in
877 1050 1156 1105 Portugallia
1174 1050 1483 1093 visitationem
1502 1049 1680 1105 prouin-

51 1109 145 1153 ciae
173 1110 230 1152 D.
270 1110 436 1152 Torres
472 1108 758 1159 inchoasset,
800 1110 975 1152 Eborae
1006 1109 1122 1151 inter
1158 1109 1242 1151 alia
1270 1110 1386 1153 bene
1419 1109 1679 1161 constituta,

51 1170 208 1211 domus
230 1168 514 1223 probationis
538 1182 641 1210 cum
668 1170 761 1211 fere
786 1181 840 1222 30
864 1168 1047 1210 nouitiis
1090 1175 1133 1211 et
1157 1183 1240 1211 suo
1265 1170 1492 1223 praefecto
1520 1176 1588 1211 est
1611 1182 1682 1210 or—

49 1228 213 1271 dinata.

143 1296 209 1341 15.
277 1286 374 1329 Sub
412 1285 591 1327 initium
625 1285 776 1329 Martii
809 1300 911 1328 cum
953 1287 1157 1329 Viennae
1187 1287 1345 1338 nostri,
1387 1287 1683 1341 complurium

51 1345 411 1389 confessionibus
435 1339 617 1391 auditis
645 1345 721 1400 qui
751 1345 892 1388 libros
920 1345 1147 1389 hereticos
1171 1347 1424 1397 habebant,
1451 1346 1506 1387 ad
1529 1360 1577 1387 se
1610 1346 1677 1388 de

53 1407 278 1458 ferendos,
306 1411 352 1446 et
374 1405 560 1448 eosdem
591 1393 927 1448 comburendos
956 1412 1213 1459 curassent,
1241 1418 1437 1459 cumque
1465 1412 1616 1460 aperte
1640 1404 1683 1445 in

53 1439 347 1508 concionibus
380 1471 537 1506 contra
570 1465 752 1506 hereses
782 1464 1126 1514 inueherentur,
1156 1465 1341 1506 heretici
1371 1479 1461 1506 non
1493 1467 1686 1507 ferentes

54 1524 306 1567 catholicae
330 1522 579 1577 relligionis
603 1538 910 1578 progressum,
938 1523 1178 1565 admodum
1204 1523 1366 1565 infensi
1386 1523 1567 1576 nostris,
1594 1537 1685 1564 car-

53 1598 176 1626 ceres
199 1582 375 1634 minari,
403 1591 446 1626 et
470 1582 592 1625 litem
616 1582 866 1634 intendere,
893 1590 935 1626 et
960 1584 1112 1624 multis
1137 1583 1385 1624 rationibus
1411 1582 1684 1636 persecutio-

57 1657 155 1687 nem
179 1642 401 1684 suscitare
424 1649 659 1696 ceperunt3
691 1656 793 1683 cum
826 1651 975 1688 autem
1006 1642 1050 1683 id
1073 1656 1249 1683 summo
1274 1642 1474 1696 pontifici
1505 1642 1689 1683 referret

60 1704 191 1745 Pater
221 1710 375 1744 noster
406 1701 710 1756 praepositus,
743 1702 1000 1745 memoriale
1029 1701 1295 1756 postulauit,
1323 1709 1370 1742 vt
1396 1701 1612 1744 scriberet
1645 1707 1689 1744 et

56 1761 294 1816 negocium
325 1760 504 1816 collegii
536 1760 793 1815 imperatori
824 1761 978 1814 (cuius
1008 1761 1207 1803 laudauit
1238 1762 1382 1802 zelum
1414 1760 1533 1815 quod
1558 1775 1688 1802 suum

0 1826 3 1875 ζ
56 1821 285 1863 brachium
310 1820 553 1875 diligenter
575 1821 811 1862 exhiberet
835 1820 933 1876 sibi)
958 1821 1366 1862 commendandum
1390 1827 1585 1862 curaret.

148 1881 213 1923 16.
282 1881 449 1923 Eodem
475 1879 561 1930 die,
589 1879 634 1920 id
657 1887 747 1931 est,
777 1880 931 1921 ultima
959 1880 1124 1932 Martii,
1154 1880 1222 1933 3²²
1246 1879 1317 1922 die
1341 1880 1551 1934 paschae,
1588 1893 1689 1920 cum

58 1952 126 1981 me
149 1939 393 1981 comitante
420 1941 554 1982 Pater
576 1946 730 1982 noster
752 1939 1036 1994 praepositus
1059 1953 1285 1980 summum
1310 1939 1566 1994 pontificem
1598 1938 1690 1979 offi-

6 2042 8 2050 .
57 1998 111 2040 cii
135 1998 282 2054 gratia
305 1998 504 2049 adiisset,
526 2005 571 2040 et
589 1999 809 2052 quaedam
828 1998 913 2040 alia
931 1999 987 2041 ad
1006 2012 1249 2041 commune
1272 1999 1442 2040 bonum
1466 1997 1689 2052 pertinen-

8 2085 9 2110 1
60 2057 138 2110 tia,
185 2058 300 2099 Vltro
343 2058 548 2111 citroque
593 2064 782 2099 tractata
828 2058 1041 2111 fuissent,
1095 2058 1295 2099 narrauit
1344 2058 1383 2098 ei
1429 2057 1689 2112 martyrium

8 2121 11 2167 i
62 2118 111 2160 Ρ.
138 2119 373 2168 Martinez,
400 2117 476 2171 qui
495 2116 696 2158 omnium
720 2118 890 2171 primus
908 2117 952 2158 in
971 2117 1142 2158 insulas
1161 2117 1465 2171 regionesque
1483 2116 1689 2158 occiden-

10 2170 13 2232 ξ
62 2177 169 2218 tales
193 2177 289 2231 regi
319 2176 548 2218 catholico
578 2176 867 2219 subiacentes
890 2191 944 2219 ex
968 2177 1134 2218 nostris
1152 2176 1316 2217 missus
1340 2184 1456 2226 erat,
1483 2177 1693 2230 quodque

12 2234 13 2243 ¹
60 2234 103 2277 in
126 2237 302 2278 Nouam
328 2235 592 2290 Hispaniam
616 2250 668 2277 ac
694 2237 829 2286 Peru,
857 2236 983 2277 multi
1008 2235 1083 2277 alii
1100 2237 1156 2277 ab
1174 2236 1331 2278 eodem
1352 2249 1461 2290 rege
1483 2236 1547 2276 ire
1571 2235 1693 2276 iube-

62 2295 240 2347 bantur,
266 2302 311 2337 et
335 2294 584 2360 postulauit
607 2302 671 2349 vt,
699 2296 819 2349 quod
850 2295 1011 2338 attinet
1045 2296 1100 2337 ad
1131 2294 1487 2350 praedicationes
1516 2295 1691 2336 confes-

63 2353 312 2408 sionesque,
336 2362 381 2397 et
405 2354 586 2396 missam
617 2354 662 2395 in
692 2354 819 2396 altari
852 2355 1046 2409 portatili
1071 2355 1409 2404 celebrandam,
1437 2354 1574 2395 nostri
1606 2367 1692 2393 non

18 2448 19 2451 ,
65 2419 324 2456 tenerentur
347 2428 399 2455 ea
423 2414 669 2456 obseruare
693 2428 808 2468 quae
831 2413 875 2455 in
901 2413 1092 2456 concilio
1118 2413 1361 2456 tridentino
1385 2413 1695 2468 praescribun-

17 2453 21 2519 ἱ.
66 2478 149 2527 tur,
177 2473 280 2527 quia
302 2480 347 2514 et
370 2472 567 2528 episcopi
590 2487 725 2528 saepe
744 2473 1005 2528 longissime
1024 2475 1248 2523 abessent,
1276 2480 1320 2515 et
1345 2473 1507 2538 templa
1527 2486 1614 2512 non
1636 2472 1694 2511 fa-

64 2531 146 2575 cile
174 2532 509 2583 inuenirentur3
543 2541 586 2575 et
616 2532 660 2573 id
693 2532 891 2587 benigne
921 2532 1146 2575 concessit
1176 2546 1276 2572 cum
1311 2532 1551 2586 episcopus
1584 2531 1696 2571 vltra

66 2591 253 2633 mediam
277 2591 442 2634 dietam
467 2591 661 2646 abesset,
688 2591 732 2633 id
755 2600 839 2645 est,
869 2592 966 2645 plus
996 2606 1128 2645 quam
1153 2591 1284 2631 medii
1308 2590 1395 2633 diei
1418 2590 1515 2634 iter¹

153 2652 268 2694 Cum
303 2665 382 2705 pro
411 2650 579 2692 eisdem
608 2651 964 2694 occidentalibus
999 2657 1258 2705 peterentur
1292 2650 1474 2692 eaedem
1511 2649 1697 2690 faculta-

68 2716 145 2761 tes,
166 2723 280 2764 quae
297 2709 590 2752 orientalibus
609 2710 774 2752 nostris
792 2720 941 2752 essent
963 2709 1166 2752 concessi
1187 2708 1301 2765 [sic],
1324 2709 1366 2750 id
1384 2716 1467 2758 est,
1496 2708 1537 2749 in
1564 2707 1699 2749 lndiis

27 2801 30 2826 ι
69 2768 164 2823 regi
189 2769 495 2824 portugalliae
519 2769 772 2820 concessis,
804 2769 997 2811 libenter
1021 2769 1065 2810 id
1095 2768 1312 2823 elargitus
1342 2776 1430 2821 est,
1457 2768 1511 2808 ad
1542 2768 1697 2810 decem

27 2829 31 2864 ἰ
71 2833 217 2871 tamen
241 2843 407 2880 annos,
439 2829 546 2869 dum
576 2828 620 2870 in
652 2828 745 2870 suis
775 2828 1012 2883 primordis
1041 2838 1107 2869 est
1139 2842 1258 2868 noua
1286 2826 1359 2868 illa
1383 2827 1588 2880 ecclesia3
1616 2826 1700 2867 alia

28 2865 33 2951 i
69 2886 186 2929 enim
208 2887 354 2943 magis
373 2887 602 2942 prouectis
621 2888 910 2929 conuenient.

159 2946 272 2988 Cum
293 2946 622 3002 supplicaretur
640 2954 686 2987 vt
701 2947 972 2988 concederet
994 2945 1175 3000 reliquis
1193 2945 1566 2995 occidentalibus,
1588 2958 1701 2998 quae

73 3002 189 3046 circa
211 3005 517 3060 indulgentias
534 3013 820 3048 concesserat
838 3004 1257 3059 proficiscentibus
1248 3019 1292 3044 in
1314 3004 1554 3058 Floridam,
1576 3018 1701 3059 prae-

75 3063 224 3105 sertim
249 3064 292 3105 in
325 3065 515 3106 articulo
544 3065 721 3114 mortis,
750 3061 977 3115 concessit
1002 3071 1048 3105 vt
1078 3063 1218 3106 nostri
1248 3063 1428 3118 quidem
1458 3063 1702 3118 plenariam

35 3107 43 3292 Ἠ
214 3140 367 3168 PorANm
386 3146 652 3168 COMPIEMENTA.
658 3140 728 3167 —.T
749 3141 791 3167 Π.
1527 3141 1560 3166 43

11 2249 15 2304 l

13 2305 16 2340 ι
