1891 3292
227 218 295 261 350
738 218 924 253 POLANCI
951 226 1265 253 COMPLEMENTA

180 321 301 375 gnia.
332 320 499 361 L’altro
521 319 542 361 ὲ
566 320 710 361 anche
742 319 1018 370 coadiutore,
1053 320 1108 361 de
1141 330 1166 372 7
1201 320 1305 361 anni
1339 319 1505 362 incirca
1534 316 1589 362 de
1618 321 1805 375 Compa-

181 397 301 451 gnia,
333 410 463 449 sopra
493 395 626 436 modo
656 396 980 446 malenconic0‚
1012 404 1057 439 et
1087 398 1170 438 che
1198 410 1286 437 non
1319 396 1418 438 vole
1446 397 1618 439 obedir'.
1647 411 1695 439 se
1718 411 1806 439 non

180 473 359 526 quando
382 471 411 512 li
435 471 576 526 piace;
613 479 656 512 et
686 472 896 514 dimanda
925 472 1111 528 licenza,
1144 479 1188 514 et
1218 472 1253 513 si
1284 471 1418 513 lascia
1447 471 1697 523 intendere,
1723 474 1807 517 che

179 563 227 591 se
250 564 306 591 ne
330 549 430 590 vole
453 548 592 588 andar
616 549 756 589 afatto
786 556 830 589 et
859 548 1091 590 dimandar
1124 549 1165 590 al
1195 562 1309 603 papa
1331 547 1519 600 licenza,
1560 556 1647 591 ete.
1684 537 1720 591 'E
1742 549 1806 590 in-

182 624 415 666 utilissimo
437 625 521 667 alla
544 624 846 679 Compagnia‚
873 632 934 677 et,
960 640 1038 679 per
1062 626 1102 667 la
1126 639 1239 679 poca
1263 624 1536 679 obedientia,
1558 625 1612 667 de
1636 626 1722 666 mal
1741 638 1805 667 es-

179 701 364 755 sempiO.
392 702 452 744 Se
490 716 580 742 non
611 701 880 744 bastaranno
911 702 938 742 li
968 701 1141 745 rimedii
1175 702 1261 744 che
1290 701 1327 742 si
1356 715 1512 755 vsano,
1538 709 1583 744 et
1606 701 1735 744 viene
1757 701 1802 742 li-

179 791 316 819 cenza
338 778 393 819 de
417 779 473 820 V.
504 779 572 829 P„
596 791 644 819 se
668 784 859 832 potrano
882 779 1067 820 mandat
1090 777 1236 832 questi
1260 776 1292 820 ⁶.

267 867 310 907 4.
376 855 505 897 Della
528 854 659 896 visita
682 855 726 896 di
745 862 904 910 questo
927 855 1120 910 collegio
1143 868 1233 895 non
1257 854 1355 896 diro
1385 853 1429 895 in
1463 853 1724 908 particolare
1748 855 1805 896 al-

182 939 264 982 tro,
291 945 339 973 se
362 945 451 973 non
470 933 553 973 che
576 946 706 986 spero
728 932 764 973 si
787 932 956 974 seruira
981 931 1103 972 Iddio
1127 932 1182 974 N.
1211 932 1258 974 S.
1286 931 1330 972 di
1353 931 1516 984 quella.
1545 931 1600 971 Et
1623 944 1713 971 non
1736 943 1804 972 so-

180 1009 374 1050 lamente
406 1007 449 1048 in
480 1009 679 1063 general,
712 1023 782 1050 ma
811 1008 944 1050 etiam
978 1008 1022 1048 in
1058 1007 1297 1062 particular
1335 1020 1528 1061 procuro
1569 1004 1722 1048 l'aiuto
1759 1015 1803 1048 et

182 1084 488 1127 consolatione
511 1086 566 1127 de
597 1084 699 1126 tutti
730 1085 773 1126 in
805 1091 974 1139 quanto
1004 1098 1152 1138 posso;
1185 1092 1229 1125 et
1268 1083 1360 1125 cosi
1395 1090 1712 1124 comunmente
1746 1083 1804 1123 mi

181 1175 285 1215 pare
309 1162 442 1204 veder
465 1162 659 1203 l'effecto
682 1162 737 1204 de
760 1161 879 1202 l’vno
901 1168 945 1203 et
967 1161 1128 1215 l’altro‚
1160 1168 1203 1202 et
1234 1162 1316 1202 che
1348 1161 1387 1201 la
1413 1159 1543 1201 visita
1574 1173 1664 1200 non
1695 1159 1805 1201 sola-

182 1245 331 1280 mente
355 1252 442 1279 non
467 1239 491 1280 e
509 1238 679 1289 odiosa,
707 1253 777 1279 ma
801 1237 1054 1280 desiderata
1078 1244 1122 1279 et
1146 1237 1362 1280 bramata.
1390 1237 1422 1278 Il
1453 1235 1692 1290 particolar
1716 1250 1803 1277 non

179 1315 222 1355 lo
256 1314 404 1356 scriuo
437 1329 461 1356 a
496 1316 552 1357 V.
597 1316 668 1364 R,
705 1329 776 1356 ma
815 1314 923 1369 ogni
955 1328 1060 1355 cosa
1101 1320 1206 1355 noto
1246 1327 1323 1367 per
1355 1313 1433 1354 dar
1467 1312 1720 1367 raguaglio;
1762 1319 1806 1354 et

178 1391 358 1444 quando
381 1392 425 1432 lo
448 1391 611 1432 volessi
634 1391 680 1432 in
711 1391 867 1432 scritto
900 1391 951 1432 V.
985 1392 1056 1441 P„
1089 1390 1399 1432 conuerrebbe
1430 1389 1490 1430 mi
1520 1389 1745 1430 mandassi
1767 1389 1806 1430 le

179 1467 287 1508 cifre
324 1466 457 1508 ch⁷ho
497 1467 711 1509 ricercato
739 1467 811 1509 dal
849 1466 1083 1522 principio,
1126 1475 1169 1510 et
1199 1481 1288 1508 non
1319 1467 1380 1507 ho
1414 1467 1586 1507 hauuto
1615 1465 1806 1520 risposta

179 1544 337 1587 d'esse.
366 1544 675 1585 Humilmente
705 1544 762 1584 mi
787 1544 1084 1585 raccomando
1115 1543 1216 1584 nell’
1241 1541 1432 1584 orationi
1452 1541 1722 1585 etsacrificii
1752 1542 1806 1584 de

182 1620 233 1661 V.
269 1622 338 1671 P„
367 1629 411 1662 et
440 1621 665 1662 domando
695 1635 775 1662 sua
804 1620 1135 1663 benedictione.
1167 1621 1235 1662 De
1275 1618 1464 1661 Catania
1491 1629 1542 1671 27
1568 1619 1622 1660 de
1642 1618 1806 1674 Luglio

187 1708 311 1750 1575·

266 1776 334 1816 De
358 1775 413 1817 V.
443 1776 493 1815 P.
522 1774 691 1829 figliolo
714 1782 757 1817 et
781 1788 914 1816 seruo
938 1773 981 1814 in
1006 1773 1107 1823 X.⁰,

918 1852 946 1906 1-
965 1852 1156 1906 JOANNE
1181 1864 1240 1892 DE
1267 1850 1508 1891 POLANco.
1537 1849 1567 1902 †

269 1929 523 1982 Inscriptio.
552 1928 579 1983 ἦ
605 1928 661 1970 Α1
685 1928 824 1968 molto
850 1928 960 1969 Rclo.
989 1927 1031 1967 in
1056 1926 1141 1968 X.⁰
1175 1927 1319 1968 Padre
1344 1934 1510 1978 nostro,
1536 1926 1563 1966 il
1590 1926 1640 1970 P.
1669 1927 1802 1969 Mtro.

182 2005 407 2046 Euerardo
452 2005 746 2056 Mercmiano,
789 2004 1013 2059 preposito
1053 2004 1263 2058 generale
1301 2003 1417 2043 della
1446 2002 1731 2059 Compagnia
1762 2002 1806 2043 di

179 2081 337 2131 GiesU3
370 2082 414 2122 in
442 2083 595 2122 Roma.

269 2158 408 2213 Sigill
415 2159 427 2197 i
449 2158 710 2211 vestigium.

386 2412 663 2449 POLANCUS
691 2411 917 2448 RECTORI
945 2410 1189 2447 COLLEGII
1216 2409 1531 2445 RHEGIENSIS
1561 2409 1607 2453 Ι(Β)

665 2515 897 2541 SYRAcusis
923 2516 942 2548 5
972 2514 1154 2540 AUGUSTI
1186 2513 1272 2549 1575
1302 2506 1328 2539 ¹.

233 2604 394 2650 Copicim
413 2604 487 2637 sibi
505 2615 528 2635 (ι
547 2602 729 2636 civilibus
743 2600 996 2646 praesulibus
1008 2599 1105 2645 fieri
1123 2600 1323 2633 desiderat
1341 2599 1528 2633 veniendi
1547 2599 1753 2644 Rhegium.

265 2700 292 2755 †
316 2701 410 2755 Jhs.
444 2699 585 2741 Molto
616 2697 727 2739 Rdo.
763 2696 809 2736 in
840 2695 1021 2737 Christo
1048 2695 1208 2737 Padre.
1240 2697 1331 2737 Pax
1359 2694 1547 2748 Christi,
1582 2700 1671 2737 ete.
1698 2694 1804 2735 Tro-

180 2777 389 2819 uandomi
413 2776 455 2816 in
480 2776 722 2829 Syracusa,
748 2780 791 2813 et
815 2772 1023 2814 hauendo
1049 2771 1215 2812 uisitati
1238 2771 1265 2812 li
1289 2771 1388 2812 altri
1410 2770 1604 2826 collegii,
1631 2769 1806 2811 infuora

255 2926 268 2944 6
319 2926 449 2970 Hesp:
471 2925 539 2958 hos
558 2923 634 2957 duo
653 2932 766 2967 posse
785 2921 944 2955 dimitti.
968 2919 1189 2953 Secundum
1211 2925 1323 2953 vocat
1350 2918 1593 2953 «Ghirrera».

255 3022 264 3041 1
318 3022 373 3054 Ex
391 3005 620 3064 'apographo
646 3016 684 3050 in
711 3015 845 3050 codice
871 3014 999 3059 Epist.
1030 3013 1212 3054 Polanci,
1237 3022 1248 3047 1
1272 3013 1354 3056 soh,
1382 3025 1418 3048 n.
1439 3021 1498 3057 97,
1520 3011 1622 3057 prius
1643 3011 1725 3054 465.
1745 3008 1802 3043 In-
