1891 3292
259 198 327 241 676
757 193 947 226 POLANCt
975 200 1293 226 COMPLEMENTA

218 314 274 340 ne
300 297 507 339 Pacheco
538 294 725 350 egregie
747 293 981 336 aedificata
1006 292 1056 344 ²⁰,
1081 292 1323 334 inhabitari
1347 299 1475 347 cepta
1498 298 1582 344 est,
1608 306 1632 333 a
1656 303 1710 333 20
1740 303 1833 346 per²
1858 294 1860 296 ’

216 356 337 399 sonis
360 354 615 403 Societatis,
641 367 696 394 ex
718 352 883 407 quibus
911 352 961 394 16
986 352 1110 395 fuere
1132 351 1307 394 nouitii.
1337 350 1681 405 PraepositusP.
1709 351 1832 392 Ioan-

211 429 290 458 nes
314 413 495 456 Manuel
519 412 575 455 de
598 413 743 454 Leon.

298 484 368 528 29.
435 471 519 513 Die
543 471 599 513 26
623 470 728 513 Maii
752 483 855 511 curn
878 468 1117 510 cardinalis
1139 468 1362 517 Alciatus
1389 467 1569 509 nomine
1591 468 1831 522 pontificis,

213 534 261 573 P.
287 538 440 572 nostro
464 530 733 584 praeposito,
766 543 836 570 me
865 535 1117 594 praesente,
1150 527 1376 570 retulisset
1405 528 1522 568 hanc
1551 540 1650 569 esse
1679 527 1833 568 volun-

211 596 364 640 tatem,
390 588 479 630 imo
501 596 545 630 et
570 595 859 643 praeceptum
882 586 1036 641 ipsius,
1065 595 1110 628 vt
1133 585 1273 628 nostri
1298 586 1596 650 profiteantur
1620 585 1760 639 priuS,
1791 592 1835 628 et

209 649 273 690 sic
310 649 491 690 demum
532 654 883 701 promoueantur
920 646 977 687 ad
1015 659 1167 687 sacros
1206 645 1400 699 ordines,
1436 644 1581 698 ipsum
1616 644 1836 686 adiuimus

209 707 465 761 pontificem
490 707 564 758 (de
587 720 678 759 quo
701 705 979 747 intellectum
1003 718 1024 745 a
1050 705 1179 746 nobis
1195 710 1291 746 erat
1310 704 1430 757 quod
1448 709 1737 746 succenseret
1755 703 1834 746 So-

209 766 376 819 cietati,
405 764 532 819 quasi
557 779 712 819 parum
731 763 776 805 in
802 765 884 805 hac
914 778 960 805 re
988 763 1246 814 obedienti);
1279 769 1322 803 et
1347 775 1449 804 cum
1476 763 1525 804 P.
1554 761 1835 816 praepositus

210 832 444 873 assereret,
470 838 560 865 non
583 837 681 865 esse
705 821 834 865 nobis
857 821 980 876 prius
1002 823 1118 863 hanc
1136 822 1425 864 deliberatam
1450 821 1497 864 S.
1521 820 1611 863 Sfss
1632 821 1834 862 volunta-

210 892 298 926 tem
323 897 374 924 ac
405 889 694 937 praeceptum
725 881 1047 936 significatum,
1081 895 1163 922 nos
1191 894 1299 922 vero
1327 886 1371 921 vt
1402 879 1686 922 obedientiae
1719 879 1834 922 filios

209 942 253 983 in
279 948 506 996 posterum
531 940 768 995 parituros,
795 940 993 994 pontifex
1016 939 1132 982 laeto
1156 939 1397 981 admodum
1420 937 1570 980 animo
1592 938 1635 979 id
1654 952 1834 993 pergra-

211 1010 305 1043 tum
331 1001 424 1042 fore
447 1000 530 1041 sibi
554 999 681 1050 dixit,
707 999 743 1041 si
767 998 905 1040 nostri
930 1006 1170 1052 antequam
1194 998 1250 1039 ad
1273 1011 1427 1039 sacros
1452 997 1630 1039 ordines
1653 1010 1833 1051 promo-

213 1066 441 1110 uerentur,
483 1058 809 1113 professionem
843 1057 1115 1108 emitterent,
1152 1064 1195 1099 et
1229 1056 1310 1098 toti
1342 1055 1555 1100 Societati
1589 1055 1832 1111 benedixit,

212 1125 388 1173 praeter
411 1117 510 1168 alia,
537 1125 622 1161 ete.

302 1190 370 1230 30.
438 1178 593 1219 Mense
618 1175 743 1217 Iunio
766 1175 987 1229 sequenti,
1015 1173 1269 1216 scholastici
1293 1173 1524 1229 approbati
1549 1174 1719 1216 Romae
1742 1173 1835 1215 fieri

212 1242 473 1290 coeperunt,
499 1235 575 1288 qui
598 1234 779 1277 biennio
801 1234 1023 1284 absoluto,
1050 1234 1093 1274 in
1119 1247 1207 1286 quo
1230 1247 1331 1274 cum
1356 1232 1670 1274 aedificatione
1692 1239 1736 1273 et
1758 1246 1831 1273 sa-

212 1294 466 1336 tisfactione
504 1293 742 1336 Societatis
779 1293 942 1335 versati
982 1293 1175 1342 fuerant,
1203 1300 1249 1332 vt
1289 1292 1398 1333 tales
1437 1298 1539 1332 vota
1569 1305 1650 1332 sua
1679 1290 1833 1332 emise-

217 1361 332 1406 runt,
363 1353 409 1393 in
441 1360 668 1407 posterum
693 1366 745 1393 ea
762 1366 864 1393 cum
895 1351 991 1392 aliis
1015 1350 1290 1393 renouaturi.
1314 1350 1344 1391 Ii
1368 1358 1517 1393 autem
1542 1350 1617 1403 qui
1636 1357 1725 1390 tam
1752 1351 1834 1391 Ro-

217 1427 314 1454 mae
338 1426 471 1465 quarn
502 1411 606 1452 alibi
634 1411 863 1453 biennium
898 1418 1160 1464 exegerant,
1185 1418 1228 1451 et
1252 1411 1306 1451 ad
1336 1408 1555 1451 eiusmodi
1585 1408 1834 1451 renouatio-

218 1486 317 1514 nem
344 1470 515 1512 admitti
547 1470 660 1511 soliti
699 1477 840 1523 erant⁷
869 1476 914 1510 vt
938 1470 1210 1510 haberentur
1239 1468 1493 1545 scholastici
1519 1468 1767 1522 approbati,
1793 1475 1835 1537 et

217 1539 260 1571 vt
285 1530 429 1572 tales
420 1544 464 1570 in
490 1529 651 1571 librum
670 1528 997 1583 redigerentur,
1025 1527 1318 1569 constitutum
1341 1527 1444 1570 est1

308 1601 377 1642 31.
445 1590 601 1630 Frater
631 1596 780 1630 noster
810 1587 1068 1629 Ludouicus
1101 1586 1382 1628 Corbinellus
1409 1585 1687 1637 florentinus,
1713 1584 1833 1626 noui-

220 1647 307 1688 tius
340 1648 489 1689 adhuc
522 1656 700 1688 nostrae
733 1646 986 1696 Societatis,
1023 1659 1125 1686 curn
1163 1645 1418 1700 collegiales
1454 1645 1628 1686 romani
1661 1643 1836 1699 collegii

217 1707 381 1748 multos
406 1707 523 1748 alere
548 1706 602 1747 ad
625 1706 669 1747 id
694 1705 857 1746 relictis
879 1704 986 1746 satis
1015 1704 1172 1758 amplis
1211 1703 1459 1746 redditibus
1490 1705 1551 1759 (vt
1575 1718 1630 1746 ex
1653 1703 1748 1746 eius
1772 1711 1835 1745 te—

215 1772 441 1806 stamento
469 1773 604 1830 patet,
631 1772 674 1807 et
699 1779 752 1807 ex
783 1775 861 1805 120
884 1763 994 1804 locis
1019 1763 1180 1805 montis
1204 1763 1389 1805 subsidii
1419 1762 1737 1805 auenionensis
1760 1775 1835 1816 pro

215 1825 373 1865 eodem
398 1823 485 1866 emi
508 1823 654 1877 iussis)
685 1822 1006 1873 constituisset,
1028 1823 1071 1863 in
1097 1822 1374 1863 fundatorem
1399 1821 1620 1863 admissus
1639 1828 1723 1871 est,
1749 1834 1835 1862 non

214 1883 393 1936 quidem
418 1882 587 1944 romani
612 1882 806 1936 collegii,
833 1882 910 1923 sed
934 1881 1227 1931 studentium,
1256 1881 1330 1935 qui
1353 1896 1408 1924 ex
1432 1880 1563 1921 dictis
1587 1879 1835 1922 redditibus

215 1941 271 1983 ali
296 1949 479 1995 possent
502 1940 555 1981 in
578 1948 860 1995 perpetuum,
887 1947 933 1980 vt
963 1940 1065 1981 alibi
1094 1940 1226 1981 latius
1255 1940 1494 1990 constabit;
1529 1947 1572 1982 et
1601 1938 1832 1989 sacrificia,

214 2000 534 2053 orationesque
571 2015 652 2054 pro
688 1999 1002 2040 fundatoribus
1035 1999 1294 2042 viuen'tibus
1328 1999 1478 2041 offerri
1511 1998 1659 2050 solita,
1694 1998 1833 2039 eidem

214 2060 397 2101 decreta
417 2066 539 2100 sunt.

302 2130 372 2171 32.
440 2118 557 2159 Cum
582 2118 636 2158 D.
665 2116 893 2157 Antonius
922 2117 977 2158 de
1006 2117 1215 2158 Cordoua
1245 2130 1399 2159 mense
1428 2114 1693 2166 Februario,
1721 2116 1830 2158 Oro-

211 2190 345 2230 pesae
369 2176 485 2217 diem
506 2185 754 2218 extremum
779 2175 980 2227 obiisset,
1000 2189 1194 2228 cumque
1213 2176 1305 2216 suis
1324 2174 1571 2216 redditibus
1595 2189 1757 2228 magna
1781 2187 1832 2215 ex

213 2243 339 2289 parte
382 2235 625 2289 collegium
669 2234 952 2275 cordubense
1002 2242 1045 2276 et
1082 2234 1425 2275 salmanticense
1469 2234 1669 2276 dotasset
1720 2232 1832 2288 (licet

213 2294 462 2335 fundatoris
483 2295 631 2335 locum
658 2300 809 2335 tenere
832 2293 875 2333 in
901 2300 1060 2334 neutro
1089 2293 1335 2347 voluisset),
1368 2293 1584 2334 sacrificia
1608 2300 1652 2334 et
1675 2291 1832 2334 oratio-

214 2367 294 2394 nes
324 2360 371 2394 vt
403 2352 500 2393 aliis
539 2351 851 2393 fundatoribus
889 2351 1182 2393 morientibus
1214 2351 1253 2393 ei
1292 2353 1471 2394 decreta
1503 2358 1625 2404 sunt,
1659 2350 1829 2392 interim

212 2412 319 2453 dum
349 2425 449 2452 cum
481 2411 578 2452 eius
607 2418 761 2461 matre,
794 2410 987 2451 foemina
1017 2411 1276 2464 clarissima,
1304 2410 1623 2452 marchionissa
1649 2410 1827 2463 Priego,

211 2471 265 2512 de
291 2470 566 2512 monimento
590 2479 805 2524 perpetuo
828 2470 1062 2522 agebatur.
1091 2470 1192 2510 Fuit
1215 2469 1278 2509 vir
1303 2469 1376 2510 hic
1398 2484 1489 2510 non
1510 2469 1653 2524 magis
1676 2467 1828 2510 nobili-

212 2536 301 2572 tate
324 2528 576 2583 sanguinis,
604 2542 734 2582 quam
755 2527 918 2582 pietate
936 2535 978 2568 et
998 2528 1230 2579 relligione
1248 2528 1447 2580 illustris;
1468 2535 1513 2570 et
1535 2541 1636 2569 curn
1662 2535 1765 2570 ante
1786 2533 1828 2569 et

210 2596 309 2642 post
334 2588 655 2642 professionem
674 2587 842 2640 aliquot
859 2601 1000 2627 annos
1023 2587 1066 2627 in
1090 2586 1330 2630 Societatis
1355 2594 1534 2629 nostrae
1557 2585 1825 2635 ministeriis,

210 2653 395 2688 strenue
429 2661 476 2688 se
511 2645 800 2696 exercuisset,
835 2659 1011 2686 summo
1045 2645 1112 2686 sui
1148 2645 1369 2687 desiderio
1409 2646 1581 2696 relictO,
1608 2653 1829 2687 terrenam

210 2720 313 2746 cum
337 2705 523 2747 coelesti
549 2705 639 2746 vita
664 2708 730 2757 (vt
753 2705 999 2758 speramus)
1025 2703 1241 2745 foeliciter
1265 2701 1574 2746 commutauit.
1886 2751 1887 2754 Ἴ

299 2777 368 2817 33.
436 2764 532 2807 Sub
564 2764 699 2806 finem
732 2763 902 2818 Aprilis
938 2765 988 2805 P.
1028 2764 1289 2804 Domenech
1323 2763 1398 2816 qui
1436 2760 1828 2816 caesaraugustani

261 2916 289 2935 ¹⁰
340 2915 528 2949 Nimirum
548 2915 595 2948 ad
617 2915 796 2959 Villarejo
815 2915 862 2949 de
880 2915 1064 2958 Fuentes,
1087 2916 1123 2949 in
1143 2914 1344 2960 Hispania:
1362 2914 1410 2951 cf.
1442 2915 1479 2950 S.
1514 2916 1656 2951 Franc.
1689 2916 1826 2960 Borg„

208 2963 482 3043 IV1,146{›3,f41,993⁸
500 2963 702 3028 AsTRAm,
726 2963 771 3005 II,
792 2971 874 3005 4073
897 2968 971 2998 etc.

392 3037 399 3044 .
422 3014 537 3054 epist.
561 3018 642 3053 241,
664 3016 793 3045 annot.
816 3020 849 3053 5.
