1891 3292
246 181 315 215 618
744 179 928 213 PoLANci
963 187 1281 214 COMPLEMENTA

290 283 339 323 P.
367 280 561 329 vicarius
583 279 820 333 insigniter
848 279 1203 322 concionabatur
1231 281 1286 322 de
1315 282 1585 324 stationibus
1608 290 1651 326 et
1679 283 1820 327 i'ndul-

201 339 429 395 gentiis‚c
407 345 564 379 contra
587 338 839 380 haereticos
861 347 904 380 et
929 339 1099 380 abusus
1128 353 1352 382 romanos.
1811 373 1813 377 ι

294 410 344 449 14
368 397 531 439 Martii
564 398 613 438 P.
643 397 889 438 Madridius
912 397 1041 439 valde
1063 399 1381 440 consolabatur
1414 399 1459 440 in
1484 400 1660 443 feruore
1683 401 1819 456 magi-

202 456 280 506 stri
306 455 565 498 Lamberti
556 470 600 496 in
626 456 946 509 promouendis
976 456 1206 510 'germanis
1229 458 1283 498 ad
1306 457 1580 500 Societatem
1606 465 1649 501 et
1679 459 1817 513 pieta-

202 522 303 566 tem,
328 515 483 556 dicens
506 528 721 569 magnum
751 514 875 555 illum
905 515 1144 569 aliquando
1172 515 1521 559 instrumentum
1553 518 1647 559 fore
1675 518 1819 562 Socie-

204 573 323 621 tatis,
349 574 385 614 si
411 575 534 615 Deus
556 549 618 614 isli
640 573 775 615 vitam
799 574 1083 616 concederet.

288 632 479 674 Dicebat
503 646 591 673 non
616 633 776 674 decere
797 640 841 673 vt
867 633 1025 675 fratres
1054 632 1194 674 nostri
1224 647 1412 686 vsquam
1438 634 1712 686 laborarent,
1739 635 1822 678 nis'i

199 692 243 732 in
267 691 475 733 domibus
504 690 765 741 Societatis,
792 690 878 732 nisi
905 693 1096 734 fortasse
1124 699 1171 731 vt
1201 692 1497 746 seminarent,
1524 700 1600 735 aut
1629 693 1728 735 leue
1750 694 1821 736 ali—

200 750 319 800 quod
342 764 457 803 opus
480 750 698 792 facerent.
727 751 835 792 Item
860 750 1022 804 quouis
1045 750 1176 791 modo
1200 752 1449 792 curandum
1471 765 1586 803 esse,
1606 758 1651 792 vt
1674 752 1820 795 mulie-

202 823 272 850 res
296 823 386 849 non
416 809 691 863 respicerent
721 810 900 850 hortum
931 817 1149 850 nostrum.
1185 809 1520 851 Prouidendum
1549 824 1650 852 esse
1677 811 1823 864 pueris

201 870 257 911 de
280 867 381 908 cibo
404 867 710 918 conuenienti,
737 883 793 911 ne
816 868 979 909 infirmi
1004 869 1175 910 fierent.

293 929 342 968 P.
377 926 547 968 Natalis
576 922 754 968 dicebat
783 926 1089 968 difficillimam
1120 941 1219 968 esse
1250 929 1489 981 practicam
1520 926 1539 958 J'J'
1570 934 1613 970 et
1648 927 1822 970 institu-

202 985 367 1028 tionem
389 999 644 1039 puerorum.
1816 1007 1820 1010 <

291 1045 462 1086 Videns
486 1046 686 1086 Marcum
711 1045 997 1085 hortulanum
1023 1044 1168 1086 medio
1193 1044 1265 1086 die
1289 1046 1389 1098 plus
1419 1040 1565 1087 facere
1588 1059 1718 1098 quam
1744 1059 1823 1088 nos

202 1104 353 1145 multis
375 1103 534 1163 diebus
557 1103 601 1144 in
626 1104 757 1143 horto
779 1128 835 1131 ——
859 1127 914 1132 —
944 1103 1258 1144 confirmatum
1288 1103 1424 1146 fiebat
1446 1102 1484 1127 kk
1507 1104 1542 1145 si
1565 1129 1622 1133 —
1643 1130 1700 1133 -—
1723 1117 1821 1146 cum

202 1164 299 1205 Deo
323 1162 442 1217 quod
470 1162 565 1216 ipse
592 1176 679 1203 vno
708 1170 934 1203 momento
969 1162 1167 1215 perficiat
1202 1177 1315 1216 opus
1343 1176 1498 1213 suum3
1525 1163 1707 1215 quando
1745 1177 1822 1205 nos

202 1223 343 1262 multo
366 1228 565 1275 tempore
589 1220 892 1261 laborauimus
913 1247 971 1250 —
994 1247 1049 1250 —
1072 1221 1222 1262 subito
1241 1235 1403 1275 aquarn
1425 1228 1680 1263 nostrorum
1704 1221 1822 1264 labo-

207 1295 301 1322 rum
326 1279 368 1320 in
394 1279 547 1321 vinum
572 1280 729 1320 solitae
752 1280 1039 1333 perfectionis
1065 1279 1206 1335 [Deus
1229 1279 1485 1336 convertit].

298 1349 345 1392 15
370 1340 520 1381 huius.
550 1339 599 1379 P.
627 1338 798 1380 Natalis
821 1338 999 1379 dicebat
1023 1339 1202 1379 solitum
1230 1340 1280 1382 P.
1307 1340 1501 1381 Fabrum
1526 1339 1570 1380 in
1594 1352 1821 1382 conversa—

204 1398 322 1440 tione
352 1412 453 1438 cum
485 1397 763 1439 secularibus
793 1412 880 1438 non
911 1405 1044 1440 antea
1073 1399 1231 1440 afferre
1254 1398 1523 1452 spiritualia,
1561 1412 1693 1451 quam
1724 1397 1822 1452 ipsi-

202 1465 292 1499 met
315 1464 536 1511 peterent,
557 1464 600 1498 et
622 1481 1072 1486 ——————
1090 1457 1175 1498 illis
1192 1465 1309 1498 esset
1328 1458 1517 1500 effectus
1535 1472 1612 1511 per
1630 1471 1823 1498 commu-

202 1530 303 1558 nem
334 1516 571 1569 quamdam
604 1515 961 1558 familiaritatem.
996 1516 1206 1558 Habebat
1240 1523 1390 1558 autem
1420 1517 1456 1557 is
1496 1516 1719 1570 peculiare
1751 1515 1824 1557 do—

202 1589 309 1616 num
334 1574 629 1616 conuersandi
653 1588 755 1616 cum
780 1574 1036 1615 hominibus
1061 1574 1347 1618 familiariter.
1371 1574 1525 1618 Simile
1548 1574 1653 1628 quid
1675 1575 1821 1617 vobser-

203 1634 307 1675 uaui
331 1633 374 1674 in
401 1635 451 1675 R.
482 1635 530 1675 P.
559 1633 768 1675 Cornelio
792 1633 1069 1675 Wischauen
1094 1641 1136 1676 et
1163 1635 1214 1675 R.
1246 1635 1295 1675 P.
1323 1633 1509 1688 Aloysio
1532 1632 1762 1683 Gonzalis,
1783 1640 1827 1676 et·

204 1695 286 1734 hoc
310 1692 453 1746 ipsum
477 1692 639 1735 eximie
663 1693 930 1734 obseruasse
952 1693 1126 1734 videtur
1150 1691 1193 1733 in
1221 1700 1311 1734 tota
1333 1693 1421 1734 Vita
1439 1707 1519 1734 sua
1544 1695 1594 1734 R.
1620 1694 1670 1734 P.
1698 1693 1824 1747 Igna-

205 1751 309 1793 tius.

298 1811 348 1852 16
386 1810 520 1851 huius
555 1812 604 1851 P.
644 1810 815 1852 Natalis
849 1810 1040 1852 faciebat
1073 1811 1456 1861 exhortationem,
1489 1818 1532 1853 et
1565 1824 1647 1851 suo
1679 1809 1824 1861 modo,

204 1869 408 1923 exemplo
430 1869 619 1911 docebat
644 1868 770 1933 [rem]
796 1867 814 1893 Π
838 1869 1136 1911 necessariam
1160 1884 1257 1912 esse
1281 1884 1413 1924 saepe
1436 1870 1824 1911 commonefacere

204 1928 286 1970 sibi
310 1928 572 1969 commissos
597 1928 788 1982 pietatis.

299 1998 347 2039 17
378 1987 513 2028 huius
545 1989 593 2028 P.
627 1987 865 2028 Cornelius
898 1986 1091 2041 dicebat,
1125 1987 1467 2042 diligentissime
1491 1964 1534 2028 et
1572 1986 1828 2040 saepissime

207 2047 455 2087 monendos
477 2060 576 2088 esse
598 2046 819 2095 subditos,
845 2045 931 2088 de
923 2046 988 2096 lis,
1014 2061 1127 2088 uuae
1145 2055 1301 2088 contra
1320 2045 1622 2088 obedientiam
1644 2044 1826 2094 faciunt,

208 2119 263 2147 ne
284 2104 485 2158 superior
508 2118 655 2145 coram
682 2105 777 2147 Deo
802 2105 1107 2158 negligentiae
1127 2120 1229 2147 reus
1247 2105 1520 2157 inueniatur,
1544 2119 1599 2146 ne
1622 2103 1755 2146 etiam
1775 2102 1827 2144 ab
1884 2125 1886 2129 ·

207 2163 313 2217 ipsis
336 2163 526 2204 subditis
551 2178 792 2217 progressu
824 2164 1038 2218 temporis
1067 2165 1350 2218 suggilletur.
1384 2165 1519 2207 Ouod
1547 2164 1582 2205 si
1614 2178 1703 2204 non
1727 2162 1825 2203 obe-

207 2222 343 2273 diant,
369 2229 460 2263 tum
487 2222 619 2263 etiam
645 2223 861 2276 superiori
887 2230 953 2264 est
977 2225 1062 2263 hoc
1093 2223 1541 2272 communicandum,
1568 2236 1658 2263 non
1683 2229 1827 2263 tamen
1884 2254 1888 2257 ‚

206 2281 420 2323 continue
443 2281 498 2322 ad
516 2281 768 2335 superiores
785 2290 852 2322 est
872 2283 1206 2324 recurrendum.
1232 2282 1504 2324 Exercitium
1526 2281 1690 2335 operis,
1713 2293 1827 2321 surn-

207 2354 386 2393 mopere
408 2348 475 2381 est
499 2340 816 2390 necessarium,
844 2339 980 2395 q[uia]
1006 2340 1102 2383 sine
1125 2341 1199 2383 illo
1222 2341 1391 2382 minimi
1418 2354 1596 2394 prorsus
1620 2337 1827 2380 momenti

207 2406 313 2440 sunt
336 2399 485 2440 omnia
527 2413 640 2452 quae
669 2399 881 2440 discimus
910 2408 953 2440 et
982 2401 1316 2453 cognoscimus.
1350 2399 1627 2441 Excitandus
1656 2398 1827 2452 animus
1886 2404 1891 2433 l

205 2466 273 2499 est
298 2458 488 2510 feruore,
516 2465 559 2499 et
583 2457 627 2498 in
652 2458 784 2499 rebus
801 2458 989 2512 agendis
1008 2459 1117 2499 nihil
1137 2459 1432 2513 spectandum
1451 2464 1519 2499 est
1542 2457 1678 2508 aliud,
1698 2469 1826 2510 quam

209 2517 329 2569 quod
351 2524 418 2558 est
442 2517 496 2557 ad
521 2516 604 2558 Dei
627 2516 837 2559 maiorem
862 2516 1068 2571 gloriam,
1096 2526 1139 2559 et
1162 2517 1404 2572 superioris
1427 2517 1566 2558 nostri
1592 2515 1828 2571 [v]olunta-

211 2583 315 2625 tem,
343 2589 456 2628 quae
479 2590 652 2617 summa
676 2589 783 2616 cura
807 2590 982 2629 semper
1008 2576 1234 2628 facienda,
1261 2576 1435 2619 etiarnsi
1461 2575 1607 2616 minus
1630 2574 1825 2616 rationa-

209 2634 309 2675 bilis
347 2634 566 2677 videatur.
601 2634 861 2676 Curandum
895 2641 961 2675 est
995 2635 1212 2688 superiori
1252 2643 1298 2676 vt
1338 2635 1547 2676 timeatur
1576 2640 1620 2676 et
1659 2639 1828 2674 ametur
1889 2661 1891 2666 .

211 2693 357 2734 simul.
1395 2721 1397 2723 .

302 2754 350 2793 P.
380 2751 625 2793 Madridius
647 2751 830 2793 omnino
854 2753 995 2794 voluit
1019 2752 1259 2805 diligenter
1282 2751 1428 2794 curari
1453 2752 1650 2801 hortum,
1673 2747 1828 2804 expelli

280 2907 301 2939 ij
356 2907 480 2940 Lectio
495 2906 628 2940 dubia.
682 2909 769 2933 —kk
798 2907 986 2951 Sequitur
1001 2917 1096 2951 opus
1111 2918 1222 2941 suum
1238 2906 1525 2949 oblitteratum
1540 2911 1578 2939 et
1590 2906 1682 2939 hinc
1695 2903 1831 2950 incipit
1878 2926 1880 2955 ζ

212 2954 314 2988 alter
338 2955 609 2989 amanuensis,
662 2954 729 2980 —ll
758 2955 823 2989 Sic
838 2953 950 2999 forte
975 2954 1152 2998 suppleri
1172 2954 1319 2998 poterit
1344 2954 1502 2987 verbum
1528 2953 1712 2986 omissum
1731 2963 1756 2985 a
1779 2950 1829 2984 li·
1878 2968 1880 3006 ;

213 3002 363 3036 brario.
