1891 3292
537 199 1126 245 EPHEMER1DES.—APR.-JUN.
1160 209 1247 245 1557
1580 211 1645 246 597

65 310 214 346 nostro
239 302 301 344 M.
328 300 494 342 Paulus
514 300 750 351 Hoffaeus3
772 301 868 342 eius
889 302 1124 345 occasione
1142 303 1185 343 in
1213 303 1398 357 prandio
1416 303 1544 345 nobis
1563 303 1690 344 affuit

66 365 116 406 R.
145 363 194 404 Ρ.
221 359 447 410 Canisius,
474 372 561 399 vna
586 371 690 399 cum
718 361 768 402 P,
792 360 1028 402 Leonardo
1046 369 1089 402 et
1111 362 1328 413 Adrian03
1350 362 1425 416 qui
1445 361 1488 403 in
1513 362 1688 404 laudem

65 419 301 464 sacerdotii
324 418 456 461 verba
490 416 658 459 faciens
687 417 824 460 latine
854 419 908 459 ad
935 420 1117 471 fratres,
1150 435 1306 462 omnes
1335 422 1600 463 exhortatus
1622 428 1690 463 est

64 481 117 522 ad
141 481 362 522 feruorem
381 476 567 531 spiritus
592 490 671 530 pro
694 476 891 518 iuuanda
911 479 1171 521 Germania.
1194 480 1383 522 Curauit
1404 480 1536 522 etiam
1556 489 1599 521 vt
1617 480 1692 521 illo

65 539 134 582 die
158 538 393 580 Balthasar
416 536 666 577 bohaemus
694 543 738 577 et
762 536 869 577 alias
902 538 973 578 alii
1004 538 1260 592 germanice
1291 539 1687 581 concionarentur.

151 598 205 639 28
229 596 364 638 huius
390 596 576 637 Romam
599 594 723 637 venit
748 593 799 637 R.
825 597 877 641 Ρ·
900 596 1114 638 Nicolaus
1138 598 1310 651 Lanoy.
1341 597 1564 639 Abierunt
1584 613 1691 639 vero

66 666 146 712 40¹
167 657 343 698 fratres.

762 748 838 805 [DF.
874 750 1011 808 MAJo]

154 834 304 876 Primo
328 832 435 876 Maii
460 832 676 887 primitias
700 832 945 893 celebrauit
969 833 1013 874 in
1039 835 1206 887 templo
1237 842 1391 876 nostro
1417 837 1477 878 M.
1506 836 1693 877 Iacobus

65 895 234 938 flander
256 893 386 935 cuius
410 891 646 933 occasione
671 891 715 932 in
735 892 923 946 prandio
943 892 1071 934 nobis
1090 894 1316 936 affuerunt
1337 896 1388 936 R.
1411 895 1463 935 P.
1485 893 1695 936 Canisius

67 963 109 997 et
135 955 185 996 Ρ.
214 953 389 1007 Lanoy.

155 1013 178 1054 8
202 1012 353 1061 huius,
381 1010 583 1052 minister
607 1009 787 1064 collegii
809 1010 1085 1052 constitutus
1108 1019 1173 1052 est
1198 1018 1241 1052 et
1260 1011 1438 1066 publice
1461 1011 1696 1053 denuntia-

68 1080 139 1115 tus
162 1073 225 1115 M.
255 1071 423 1113 Paulus
447 1070 683 1124 Hoffaeus,
712 1068 787 1123 qui
807 1069 997 1111 mirab1li
1019 1070 1257 1124 prudentia
1279 1070 1322 1111 in
1344 1071 1429 1111 hoc
1449 1085 1632 1113 munere
1651 1085 1697 1112 se

68 1131 227 1188 gessit.

160 1203 209 1233 Io
226 1189 363 1230 huius
381 1188 499 1230 circa
517 1194 613 1241 4³³¹
631 1188 786 1229 horam
807 1187 950 1228 noctis
970 1187 1302 1230 foelicissimum
1322 1188 1525 1243 spiritum
1543 1187 1697 1229 Domi-

68 1264 126 1292 no
148 1248 378 1304 reddi[di]t
402 1246 696 1290 Hieronimus
720 1253 888 1289 noster.
917 1247 1131 1301 Sepultus
1154 1261 1263 1288 vero
1287 1254 1354 1290 est
1377 1247 1582 1301 sequenti
1607 1247 1691 1289 die.

69 1308 293 1353 Omnibus
318 1307 565 1350 maximum
591 1307 737 1348 fuerat
759 1306 1040 1357 humilitatis,
1074 1306 1372 1357 obedientiae,
1399 1314 1442 1347 et
1466 1305 1698 1347 charitatis

67 1369 317 1424 perfectum
348 1367 577 1421 exemplar
611 1365 765 1420 paucis
797 1365 883 1406 illis
911 1365 1164 1417 mensibus,
1199 1365 1362 1419 quibus
1396 1365 1439 1406 in
1470 1365 1699 1408 Societate

69 1435 267 1483 tempora
287 1427 428 1468 multa
444 1425 766 1480 compleuerat.
788 1424 899 1467 Iussi
918 1439 1074 1466 sumus
1092 1439 1248 1467 omnes
1267 1432 1334 1467 ter
1352 1424 1502 1467 dicere
1520 1438 1697 1466 sacrum

68 1501 147 1543 pro
166 1488 282 1541 ipso.

163 1557 213 1599 17
249 1545 386 1587 huius
424 1546 613 1587 Romam
646 1542 769 1585 venit
805 1544 856 1586 R.
897 1545 950 1586 Ρ.
985 1543 1165 1595 Simon,
1192 1557 1306 1584 vnus
1336 1556 1390 1584 ex
1421 1542 1574 1597 primis
1610 1543 1699 1583 Pa-

69 1606 229 1648 tribus.
1184 1638 1187 1641 .

155 1677 206 1708 21
233 1663 369 1706 huius
394 1665 581 1705 Romam
605 1670 827 1705 venerunt
849 1676 904 1704 ex
935 1661 1087 1705 Sicilia
1119 1664 1170 1704 R.
1207 1663 1257 1704 Ρ.
1286 1659 1583 1703 Hieronimus
1606 1661 1700 1701 Do·

64 1725 276 1774 menech,
306 1725 355 1766 Ρ.
385 1722 616 1765 Antonius
639 1721 806 1763 Winck
831 1728 875 1763 et
899 1721 1261 1776 Cliristophorus
1286 1721 1507 1774 Layenes.
1727 1719 1730 1723 ’

152 1796 206 1837 23
233 1782 369 1824 huius
388 1783 578 1825 Romam
598 1780 721 1824 venit
744 1781 817 1823 ille
839 1782 974 1823 frater
1000 1788 1150 1823 noster
1172 1782 1361 1822 Ioannes
1385 1778 1602 1831 Baptista,
1625 1777 1699 1832 qui

66 1857 89 1885 a
113 1843 325 1885 Patribus
347 1841 549 1896 hispanis
575 1839 865 1882 transmissus
889 1848 985 1883 erat
1009 1841 1065 1882 ad
1083 1839 1510 1895 congregationem.

156 1914 210 1955 27
232 1902 383 1954 huius,
408 1901 483 1956 qui
507 1909 601 1943 erat
627 1901 793 1942 festum
817 1899 1116 1952 ascensionis,
1137 1899 1417 1954 prandebant
1441 1898 1486 1939 in
1511 1895 1703 1949 collegio

67 1962 115 2004 R.
156 1962 206 2004 P.
247 1961 425 2017 Simon,
470 1959 766 2013 Fasquasius,
810 1959 938 2001 Viola
958 1992 966 2010 ,
1005 1959 1235 2001 Antonius
1274 1958 1466 2007 Winck,
1515 1955 1703 1998 Pontius

66 2028 110 2063 et
134 2021 223 2064 alii.

750 2115 828 2169 [DE
866 2116 1025 2167 JUNIO]

151 2201 309 2243 Mense
333 2198 460 2240 Iunio
482 2198 613 2240 valde
636 2196 777 2239 amice
799 2205 844 2240 et
868 2196 1145 2238 familiariter
1168 2195 1440 2237 exercebant
1464 2200 1508 2234 et
1527 2206 1697 2234 recrea-

63 2261 171 2303 bant
192 2274 241 2302 se
263 2273 369 2300 cum
403 2257 615 2299 fratribus
643 2256 823 2311 collegii
854 2256 898 2297 in
930 2257 1064 2297 domo
1096 2270 1215 2297 noua
1241 2252 1328 2296 R.di
1363 2255 1520 2295 Patres
1549 2251 1704 2302 nostri,

65 2319 140 2375 qui
162 2319 218 2361 ad
241 2317 509 2362 electionem
535 2315 761 2371 generalis
785 2322 1020 2358 venerant.
1059 2315 1206 2369 Saepe
1230 2313 1471 2356 veniebant
1493 2311 1549 2352 ad
1572 2310 1702 2351 colle-

64 2379 207 2435 gium,
234 2384 279 2419 et
301 2376 506 2420 certatim
531 2389 712 2426 operam
736 2375 905 2417 dabant
929 2382 976 2415 vt
1002 2381 1184 2428 possent
1208 2373 1381 2426 aliquos
1403 2384 1555 2412 secum
1581 2369 1624 2410 in
1645 2368 1705 2409 ci-

66 2439 227 2481 uitates
253 2438 373 2478 unde
407 2442 624 2478 venerant
648 2435 889 2477 abducere.
930 2434 1185 2476 Narrabant
1219 2431 1383 2486 singuli
1414 2443 1531 2484 quae
1563 2428 1607 2469 in
1641 2428 1703 2468 di-

64 2497 206 2540 uersis
229 2495 433 2551 partibus
455 2501 668 2550 operatus
698 2501 793 2537 erat
824 2493 1068 2544 Dominus,
1094 2499 1138 2534 et
1169 2492 1363 2544 denique
1387 2489 1442 2530 ad
1472 2501 1605 2530 omne
1628 2487 1705 2527 bo-

64 2571 171 2599 num
194 2570 279 2598 suo
303 2555 512 2609 exemplo
535 2553 808 2595 incitabant.

149 2617 407 2669 Fequenter
430 2613 540 2656 iussi
564 2627 721 2655 sumus
747 2612 918 2667 precari
944 2626 1022 2666 pro
1046 2608 1287 2654 Societatis
1310 2606 1508 2661 negotiis
1526 2613 1561 2647 ¹¹.

155 2686 204 2727 17
230 2674 361 2724 Iunii,
388 2673 465 2727 qui
488 2680 584 2715 erat
611 2672 776 2714 festum
802 2672 856 2714 V.
880 2669 1180 2721 Sacramenti,
1204 2681 1327 2709 more
1346 2665 1478 2708 solito
1501 2665 1703 2706 doctora-

65 2741 136 2776 tus
162 2735 344 2775 titulum
368 2732 423 2775 in'
438 2745 567 2774 sacra
591 2730 840 2785 theologia,
863 2730 908 2771 in
942 2728 1136 2783 collegio
1159 2734 1316 2769 nostro
1343 2723 1548 2781 [accepit]
1571 2724 1622 2765 R.
1654 2723 1703 2764 Ρ.

68 2793 272 2836 Victoria
295 2808 319 2835 a
344 2793 397 2834 R.
434 2793 485 2834 Ρ.
513 2789 721 2841 Canisio,
750 2789 826 2844 qui
850 2788 1074 2843 insignem
1099 2786 1350 2829 orationem
1373 2782 1554 2836 habuit,
1581 2789 1625 2824 et
1654 2795 1708 2824 eo

132 2957 151 2974 n
200 2948 320 2989 Hinc,
342 2947 484 2983 relicta
497 2946 591 2992 fere
612 2942 775 2990 integra
786 2944 953 2990 pagella
970 2944 1078 2987 pura
1098 2941 1170 2984 (89
1188 2939 1261 2983 v.),
1282 2938 1367 2972 alia
1385 2948 1527 2971 manus
1541 2938 1709 2981 apparet

69 3006 187 3040 usque
205 2996 259 3030 ad
277 2996 336 3029 De
356 3007 490 3030 mense
508 2991 688 3033 Octobri.
708 2993 761 3027 Et
781 2994 823 3026 in
842 2999 895 3035 90
910 3003 944 3024 r.
968 2990 1163 3034 repetitur
1187 2994 1290 3031 15573
1317 2989 1353 3020 et
1376 2985 1485 3026 dicit,
1510 2995 1632 3018 manu
1652 2983 1708 3017 di-

71 3053 183 3077 versa
201 3043 249 3077 ab
268 3045 455 3088 utraque,
476 3043 583 3082 Visa.
