1891 3292
269 177 336 210 668
773 176 961 210 POLANC1
989 184 1307 210 COMPLEMENTA

222 278 332 318 dens
356 276 589 330 Vtriusque
612 276 774 326 factus,
800 283 844 318 et
867 275 1031 318 ibidem
1061 291 1241 320 manere
1272 277 1422 319 iussus
1451 286 1532 321 est.
1561 279 1846 332 Bruspergae
1888 299 1891 318 ι

225 349 347 387 vero,
375 334 532 375 doctor
557 334 767 376 Astensis
792 343 953 376 rector.

310 403 379 445 51.
451 393 685 434 Pultouiae
709 394 792 434 sub
816 401 1080 435 autumnum
1106 393 1347 447 collegium
1373 401 1552 435 auctum
1577 401 1645 436 est
1687 395 1841 437 lectio·
1888 415 1891 430 ι

222 451 366 503 nibus,
390 458 434 493 et
458 466 659 502 numero,
686 461 729 493 et
754 453 886 494 rebus
904 452 1014 503 aliis;
1041 452 1167 494 initio
1191 453 1307 495 enim
1332 453 1435 494 anni
1459 453 1590 507 pauci
1608 467 1662 495 eo
1680 467 1727 495 se
1745 467 1844 496 con·
1888 472 1891 474 ·

223 511 427 552 tulerant.

310 579 380 621 52.
447 570 615 610 Eodem
662 577 877 622 tempore,
917 583 1020 610 cum
1059 570 1294 612 Trebonae
1332 569 1574 624 collegium
1614 570 1846 612 offerretur
1888 600 1891 606 ·

221 627 435 669 Societati
461 628 635 682 (ciuitas
657 634 725 670 est
758 629 934 682 Pragae
962 627 1108 669 vicina
1137 628 1181 668 in
1211 642 1354 682 regno
1382 628 1626 682 Boemiae);
1658 635 1848 683 cumqu'e
1890 650 1891 670 l

222 685 355 728 etiam
379 686 423 726 in
448 687 631 728 ciuitate
661 687 916 739 Casanoua,
949 687 1074 728 locus
1104 688 1233 729 valde
1262 687 1454 729 idoneus
1483 701 1535 728 ac
1565 688 1845 730 trebcnensi-

222 745 306 786 bus
328 745 518 796 vicinus;
545 759 741 799 cumque
763 745 1135 800 archiepiscopus
1165 753 1208 789 et
1239 746 1406 787 domini
1439 746 1707 800 temporales
1739 746 1846 788 mul-

224 811 317 844 tum
341 804 576 858 instarent,
608 811 652 845 et
683 804 733 845 P.
770 804 941 846 Natalis
970 805 1064 845 viso
1093 812 1279 858 Vtroque
1308 805 1422 855 loco,
1456 818 1705 859 propensus
1733 812 1849 848 esset
1876 827 1877 830 ¹

221 863 277 903 ad
310 870 549 916 Vtrumque
584 863 929 913 admittendum,
965 863 1156 917 priorem
1191 870 1238 904 vt
1267 863 1526 918 collegium,
1559 863 1848 917 posteriorem
1889 879 1891 882 ⁴

221 928 269 962 vt
302 921 399 964 eius
433 923 701 974 membrum,
738 930 782 962 et
815 922 1053 976 vtrobique
1088 922 1429 971 concionatores
1463 922 1714 976 reliquisset
1748 923 1846 965 boe-

225 994 339 1030 mos,
369 982 419 1023 P.
447 988 597 1022 noster
623 981 861 1035 generalis,
889 995 979 1022 rem
1006 988 1142 1022 totam
1174 981 1318 1023 eidem
1350 982 1401 1023 P.
1435 981 1581 1023 Natali
1610 980 1845 1025 commisit.

310 1050 379 1092 53.
447 1041 562 1081 Cum
588 1053 788 1080 summus
819 1040 1019 1093 pontifex
1048 1039 1307 1094 episcopum
1338 1040 1697 1094 strongullanum
1731 1039 1848 1094 lega—

222 1104 315 1139 tum
340 1098 433 1154 a[d]
459 1111 513 1140 22
537 1098 821 1152 episcopatus
846 1098 1090 1140 visitandos
1109 1113 1266 1140 versus
1284 1099 1517 1153 Neapolim
1536 1106 1580 1140 et
1598 1097 1848 1140 Calabriam

222 1156 453 1207 mississet,
484 1160 531 1200 P.
560 1157 789 1199 doctorem
817 1158 1074 1211 Rodriguez
1097 1158 1136 1199 ei
1160 1158 1331 1200 socium
1362 1157 1583 1207 adiunxit,
1609 1165 1652 1199 et
1675 1157 1850 1199 absolu-

222 1222 264 1257 ta
287 1230 339 1258 ea
363 1216 631 1266 visitatione,
657 1216 801 1258 eidem
827 1216 997 1257 doctori
1024 1217 1280 1271 Rodriguez
1301 1217 1356 1270 36
1373 1217 1484 1257 alios
1502 1216 1787 1270 episcopatus
1803 1222 1850 1258 vt

222 1274 452 1340 inuiseret,
484 1289 587 1316 cum
616 1275 710 1316 suis
739 1276 793 1316 ad
822 1275 1058 1329 episcopos
1087 1275 1246 1318 litteris
1279 1275 1414 1327 misit3
1451 1282 1494 1318 et
1525 1274 1781 1329 designauit
1812 1274 1850 1318 ei

222 1334 393 1375 socium
427 1334 482 1376 ad
516 1335 602 1375 hoc
634 1348 799 1375 munus
835 1336 884 1376 P.
924 1335 1220 1388 praepositus,
1260 1336 1310 1377 P.
1349 1335 1587 1400 Iosephum
1627 1333 1850 1376 Blondum

221 1393 461 1435 Catanzari
478 1392 819 1443 inueniendum;
840 1399 884 1434 et
902 1393 1110 1436 eumdem
1136 1395 1186 1435 P.
1211 1394 1470 1448 Rodriguez
1488 1392 1762 1434 visitatorem
1786 1392 1849 1435 Si-

223 1451 366 1502 ciliae,
393 1460 437 1494 et
476 1452 767 1505 collegiorum
792 1452 1028 1493 Catanzari
1068 1460 1111 1494 et
1142 1452 1324 1504 Rhegii,
1360 1452 1468 1494 fecit
1496 1452 1613 1494 idem
1647 1454 1698 1494 P.
1731 1441 1851 1506 prael

225 1510 412 1566 positus,
438 1519 481 1552 et
507 1521 547 1563 5.
555 1511 669 1552 adie
694 1511 964 1552 Nouembris
988 1513 1128 1552 Roma
1152 1513 1379 1565 profectus
1402 1520 1488 1553 est.

313 1580 383 1622 54.
451 1570 566 1611 Cum
592 1570 791 1611 Bibonae
816 1577 962 1610 rector
985 1578 1029 1612 et
1052 1571 1358 1620 concionator,
1390 1570 1564 1611 scilicet
1590 1569 1747 1610 Patres
1771 1570 1848 1611 Pe-

227 1635 322 1669 trus
348 1628 525 1679 Beluer,
559 1636 603 1670 et
633 1628 849 1671 Sanctius
878 1630 1108 1670 Nauarrus
1136 1629 1366 1680 obiissent,
1396 1637 1440 1672 et
1469 1635 1780 1683 praeceptores
1806 1627 1850 1668 in

225 1687 555 1740 aegritudinem
581 1687 858 1741 incidissent,
885 1695 1032 1728 actum
1059 1695 1127 1729 est
1150 1689 1205 1729 de
1229 1688 1420 1742 collegio
1443 1687 1517 1729 illo
1544 1686 1847 1741 dissoluendo,

226 1745 348 1787 iuxta
373 1746 598 1800 generalis
623 1746 1006 1801 congregationis,
1033 1761 1148 1800 quae
1176 1747 1219 1787 id
1248 1746 1491 1801 negocium
1521 1745 1707 1787 arbitrio
1731 1757 1850 1799 prae-

224 1804 356 1859 positi
379 1805 698 1857 commisserat,
722 1805 973 1856 decretum3
996 1820 1176 1860 prorsus
1200 1805 1315 1847 enirn
1335 1805 1577 1847 insalubris
1594 1808 1685 1859 aer,
1707 1815 1751 1847 et
1768 1804 1851 1858 spi-

225 1863 399 1905 ritualis
442 1865 633 1914 fructus,
675 1871 718 1907 et
760 1865 911 1919 populi
952 1865 1134 1907 deuotio
1169 1864 1415 1919 perexigua
1440 1864 1696 1906 videbatur.
1738 1864 1850 1905 Cum

222 1936 336 1976 ergo
360 1923 480 1964 hoc
470 1937 567 1977 ipso
591 1930 824 1974 autumno,
852 1924 943 1964 dux
969 1924 1168 1965 Bibonae
1194 1925 1360 1965 Romae
1384 1931 1556 1978 ageret,
1582 1936 1685 1964 cum
1709 1936 1762 1965 eo
1785 1935 1852 1963 res

224 1988 448 2023 transacta
482 1989 566 2035 est,
603 1989 647 2024 et
681 1982 975 2023 constitutum
1010 1990 1057 2023 vt
1090 1983 1442 2025 Calatabelotam
1476 1981 1718 2036 collegium
1750 1994 1849 2022 cum

222 2040 473 2081 redditibus
499 2041 834 2091 transferretur,
860 2048 903 2084 et
928 2041 986 2082 ita
1010 2041 1055 2082 in
1079 2041 1275 2084 Siciliam
1299 2041 1515 2095 scriptum
1541 2047 1624 2083 est.

312 2108 383 2152 55.
450 2099 697 2142 Nouembri
722 2113 874 2141 mense
899 2101 1182 2154 profecturus
1210 2100 1254 2141 in
1285 2100 1453 2141 Indiam
1485 2101 1536 2141 P.
1571 2097 1851 2153 Organtinus

221 2170 325 2198 cum
360 2157 498 2208 socio,
536 2172 761 2199 summum
793 2159 1048 2212 pontificem
1093 2159 1315 2211 adierunt,
1353 2159 1428 2212 qui
1464 2166 1640 2213 praeter
1641 2134 1850 2199 &benedi-

222 2215 434 2270 ctionem,
461 2218 545 2258 has
569 2217 702 2258 etiam
729 2218 966 2260 facultates
988 2218 1091 2259 viua
1115 2232 1229 2260 uoce
1251 2218 1450 2261 concesit
1478 2218 1526 2259 ⁰':

313 2275 382 2328 56.
450 2277 617 2318 Eodem
644 2290 796 2318 mense
819 2290 921 2317 cum
947 2277 996 2318 P.
1024 2285 1175 2319 noster
1197 2277 1421 2332 generalis
1450 2275 1659 2318 eumdem
1678 2273 1848 2328 pontifi-

221 2347 319 2376 cem
343 2334 542 2385 adiisset,
568 2341 612 2377 et
634 2348 787 2376 secum
811 2336 996 2378 duceret
1021 2336 1192 2378 Lelium
1218 2335 1531 2390 Sanguineum
1555 2333 1750 2376 nobilem
1776 2345 1845 2373 ro-

224 2407 404 2434 manum
448 2407 499 2435 ac
522 2401 703 2435 nostrae
726 2393 965 2436 Societatis
988 2394 1225 2445 nouitium,
1253 2394 1433 2449 rogauit
1462 2395 1509 2437 S.
1536 2394 1582 2436 S.
1590 2399 1647 2418 “³¹¹¹
1677 2398 1725 2432 vt
1747 2404 1848 2433 con-

223 2452 412 2493 donaret
447 2453 607 2494 Iacobo
637 2452 902 2506 Sanguineo
931 2453 1006 2506 qui
1037 2461 1140 2495 ante
1176 2428 1225 2495 18³
1254 2468 1397 2495 annos
1428 2453 1619 2494 Paulum
1649 2448 1845 2515 Sangui-

224 2525 358 2552 neum
385 2518 592 2564 patruum
616 2525 765 2562 suurn,
786 2525 836 2553 ac
857 2511 966 2554 Lelii
985 2512 1233 2566 praesentis
1253 2522 1438 2577 patrem,
1460 2511 1702 2560 occiderat,
1720 2507 1850 2550 huius

224 2569 451 2611 homicidii
487 2584 647 2611 noxam
683 2572 777 2625 (pro
806 2584 893 2623 qua
922 2571 1013 2612 dux
1053 2571 1316 2628 parmensis,
1346 2585 1397 2612 ac
1432 2570 1644 2612 dominus
1673 2569 1850 2610 Marcus

223 2628 453 2670 Antonius
476 2629 697 2671 Columna
721 2629 1093 2694 interpellarant);
1119 2629 1375 2684 praedictus
1394 2630 1546 2671 Lelius
1564 2641 1729 2681 magna
1747 2626 1848 2667 cha·
1888 2672 1891 2695 ἶ

224 2686 354 2728 ritate
389 2701 570 2729 causam
605 2688 752 2729 Iacobi
785 2688 894 2741 egit
931 2702 1032 2730 cum
1069 2703 1157 2742 quo
1190 2688 1285 2743 ipse
1325 2687 1580 2729 inimicitias
1617 2685 1849 2727 diuturnas
1888 2683 1891 2727 ἰ

222 2754 501 2800 exercuerat,
529 2754 573 2789 et
597 2754 778 2812 propter
801 2748 945 2788 Deum
971 2760 1125 2801 pacem
1157 2747 1196 2789 ei
1230 2748 1496 2798 donauerat,
1518 2752 1562 2788 et
1582 2740 1851 2809 supplicauit
1888 2736 1891 2783 l

224 2804 355 2855 serio,
387 2812 432 2846 vt
462 2805 664 2860 pontifex
693 2805 827 2847 etiam
862 2805 907 2846 in
940 2805 1152 2847 exteriori
1187 2806 1282 2847 foro
1316 2819 1480 2846 noxam
1512 2804 1554 2846 ei
1586 2802 1844 2845 remitteret.
1888 2802 1891 2842 Ι

222 2862 460 2917 Sapienter
483 2871 634 2907 tamen
659 2863 874 2919 pontifeX‚
907 2864 1101 2918 petentis
1126 2863 1336 2906 virtutem
1363 2863 1581 2916 laudauit,
1602 2869 1651 2904 ‘et
1681 2861 1725 2902 in
1755 2861 1849 2901 foro
1888 2879 1889 2894 ι

292 2995 323 3017 0'
377 2993 565 3037 Spatium
586 3005 755 3027 vacuum
771 2997 846 3038 pro
865 2993 992 3027 tribus
1012 2993 1187 3027 versibus
1206 2993 1249 3026 in
1266 3005 1338 3028 ms.
1358 2993 1419 3027 hic
1438 2992 1635 3026 relictum.
