1891 3292
266 149 335 192 640
770 145 958 180 POLANCI
986 153 1304 180 COMPLEMENTA

220 250 262 290 in
289 250 409 289 Vrbe
435 252 607 288 rectore
634 247 682 286 Ρ.
712 246 876 287 Ioanne
901 244 1102 299 Baptista
1129 247 1345 296 Perusco,
1383 260 1585 299 romanO,
1616 260 1666 289 ac
1690 257 1841 302 super-
1879 246 1882 283 l

220 306 482 349 intendente
509 306 560 346 P.
587 306 794 357 Vsmaro,
822 304 971 358 belga.

306 377 377 419 29.
445 362 656 405 Veneciis
686 362 731 403 in
754 362 1122 416 quadragessima
1151 362 1465 403 concionando
1488 362 1647 404 claruit
1673 365 1721 405 Ρ.
1749 364 1840 407 Sal-

218 438 386 474 meron,
413 429 455 463 et
478 421 593 463 inter
616 428 794 463 caetera
817 420 860 461 id
884 421 1096 465 effectum
1121 428 1204 476 est,
1226 428 1274 462 vt
1292 420 1477 464 heretici
1496 421 1674 475 publico
1697 421 1840 465 edicto

215 482 549 536 expellerentur
571 494 626 522 ex
649 479 759 521 vrbe
782 479 871 532 illa,
898 487 942 522 et
966 479 1120 522 venire
1143 480 1490 534 prohiberentur
1507 479 1595 521 alii.
1620 482 1838 524 Matrona·

217 555 312 582 rum
336 539 468 582 etiam
494 538 674 580 habitus
697 538 753 579 ad
777 537 1084 581 honestiorem
1109 539 1295 580 formam
1321 537 1465 593 redigi
1489 546 1647 592 ceptus
1669 547 1752 580 est.

304 612 372 652 30.
440 598 541 639 Hoc
570 611 690 639 anno
719 596 896 650 plurimi
932 597 1256 651 professionem
1289 597 1555 651 emiserunt,
1587 596 1703 640 inter
1732 611 1839 655 quos
1887 635 1889 637 .

214 658 257 698 in
284 656 503 711 Hispania
527 657 583 697 D.
610 655 839 696 Antonius
862 656 917 698 de
941 656 1167 706 Cordoua,
1203 662 1247 697 et
1286 657 1426 698 Rome
1456 662 1547 698 tres
1570 657 1839 710 professores

214 716 408 769 collegii,
440 715 597 756 doctor
626 714 842 765 Toledus,
873 714 1031 755 doctor
1061 714 1278 765 Mariana,
1311 721 1355 756 et
1386 715 1544 756 doctor
1582 715 1766 767 Acosta3
1797 714 1838 758 in

213 775 360 818 Gallia
382 776 433 816 Ρ.
456 773 691 815 Emundus
709 786 811 814 cum
832 773 880 815 Ρ.
904 773 1160 815 Hannibale
1183 788 1206 813 a
1225 773 1472 826 Coudreto,
1494 780 1538 816 et
1559 775 1609 815 Ρ.
1633 774 1839 816 Marcello

216 835 325 885 Vaz;
351 833 396 874 in
417 831 618 874 Inferiori
637 831 883 874 Germania
909 834 958 875 Ρ.
988 832 1218 874 Dionisius
1242 833 1470 885 VazqueZ.

304 905 373 945 31.
443 891 628 934 Decima
652 890 940 942 Nouembris,
967 890 1206 945 collegium
1231 905 1479 945 genuense,
1506 890 1627 944 quod
1651 891 1774 944 prius
1796 890 1838 932 in

216 951 439 993 Thusciae
459 949 690 1005 prouincia
708 951 868 1005 fuerat,
890 949 934 990 in
955 950 1301 1004 Longobardiae
1320 948 1593 1003 prouinciam
1615 956 1682 991 est
1701 956 1838 992 trans-

216 1011 368 1052 latum.
398 1009 706 1051 Foroliuiense
729 1009 827 1051 vice
850 1023 980 1051 versa
998 1023 1022 1050 a
1042 1008 1386 1063 Longobardiae
1410 1008 1640 1063 prouincia
1658 1007 1702 1049 in
1721 1009 1837 1052 Thu-

214 1069 351 1110 sciam
379 1069 642 1109 translatum
666 1074 749 1110 est.

304 1140 374 1181 32.
441 1126 632 1170 Octobri
663 1140 815 1168 mense
839 1126 1020 1167 domina
1053 1126 1286 1180 Faustina,
1322 1126 1503 1168 domum
1533 1125 1703 1179 Spoleti
1726 1125 1838 1168 inter

216 1185 446 1240 primarias
470 1186 811 1235 numerandam,
832 1185 1002 1239 legauit
1026 1185 1256 1235 Societati,
1284 1199 1387 1226 cum
1406 1184 1772 1239 supellectilibus,
1793 1185 1835 1226 in

215 1259 343 1287 vsum
368 1244 546 1299 collegii
571 1243 735 1287 ibidem
759 1243 1037 1298 instituendi,
1059 1251 1102 1286 et
1120 1244 1217 1298 ejus
1241 1243 1462 1298 possessio
1486 1243 1669 1285 nomine
1687 1243 1834 1287 Socie-

217 1303 319 1345 tatis
342 1311 471 1358 capta
495 1310 578 1346 est.

302 1376 371 1417 33.
438 1364 606 1417 Magna
629 1361 868 1415 Augustae
891 1360 1083 1402 excitata
1107 1368 1174 1403 est
1200 1361 1402 1416 tragedia
1420 1376 1444 1402 a
1467 1361 1663 1414 capitulo
1687 1374 1831 1416 augu-

211 1429 339 1463 stano
362 1428 516 1463 contra
539 1420 828 1471 Societatem,
854 1426 897 1461 et
921 1420 1144 1462 scribente
1168 1421 1395 1475 pontifice,
1422 1434 1473 1462 ac
1495 1420 1612 1463 serio
1634 1419 1833 1462 cardina-

211 1482 250 1521 le
273 1488 530 1535 augustano
552 1480 597 1521 id
622 1485 903 1533 procurante,
928 1492 997 1520 res
1020 1485 1087 1520 est
1113 1479 1376 1533 composita,
1408 1487 1452 1521 et
1475 1480 1530 1521 de
1558 1479 1644 1521 alio
1670 1479 1832 1533 templo

211 1540 377 1581 nostris
405 1546 691 1593 prospectum
720 1544 803 1585 est,
840 1537 1010 1578 scilicet
1042 1538 1143 1581 SJae
1173 1538 1460 1589 Catherinae,
1492 1538 1537 1579 in
1571 1552 1660 1592 quo
1689 1551 1831 1580 sacra-

210 1605 360 1640 menta
383 1597 635 1639 ministrare
667 1603 711 1637 et
740 1595 847 1638 alias
875 1595 1112 1639 Societatis
1141 1604 1321 1638 nostrae
1345 1597 1601 1640 functiones
1623 1610 1830 1639 exercere

211 1664 407 1710 possent,
433 1671 545 1710 quas
570 1655 692 1710 prius
709 1655 753 1696 in
772 1655 1016 1696 cathedrali
1038 1662 1353 1709 exercuerant;
1372 1655 1536 1698 ibidem
1561 1663 1709 1698 tamen
1727 1669 1830 1698 con—

209 1715 417 1757 cionandi
444 1729 606 1757 munus
630 1721 853 1756 retentum
876 1720 960 1756 est.

298 1786 368 1828 34.
433 1774 547 1816 Cum
573 1772 841 1828 grauissimo
864 1773 1018 1814 morbo
1041 1773 1132 1814 dux
1149 1773 1287 1816 Sesae
1310 1780 1352 1816 et
1373 1774 1650 1828 gubernator
1667 1772 1832 1815 medio-

207 1833 403 1875 lanensis
426 1833 617 1874 ducatus
646 1831 951 1882 afflictaretur,
982 1839 1026 1873 et
1055 1832 1109 1873 de
1143 1831 1234 1874 vita
1268 1831 1409 1886 ipsius
1430 1833 1560 1875 valde
1583 1832 1829 1883 timeretur,

207 1891 441 1935 accersivit
467 1893 518 1934 Ρ.
557 1891 850 1934 Benedictum
884 1890 1123 1943 Palmium;
1151 1898 1195 1934 et
1219 1891 1398 1945 quidem
1425 1906 1500 1946 per
1523 1905 1663 1945 equos
1686 1890 1828 1945 dispo-

206 1951 314 1993 sitos
339 1964 392 2004 30
416 1950 617 1992 milliaria
648 1952 698 1991 Ρ.
729 1949 1003 1992 Benedictus
1031 1956 1163 1991 nocte
1194 1950 1266 1992 illa
1289 1949 1445 1993 debuit
1473 1950 1713 2001 conficere,
1749 1963 1829 1991 nec

205 2010 323 2065 (licet
346 2009 592 2063 inexperto)
619 2008 663 2049 id
687 2008 854 2056 nocuit,
881 2015 924 2051 et
948 2022 1049 2050 cum
1074 2009 1129 2050 ad
1153 2009 1312 2051 ducem
1333 2009 1570 2052 accederet
1587 2016 1631 2051 et
1654 2009 1828 2051 confes-

207 2069 377 2111 sionem
408 2067 506 2110 eius
535 2067 726 2117 audiret,
760 2081 811 2108 ac
839 2067 973 2110 S.¹³²²‘²¹¹1¹
1005 2067 1332 2109 Eucharistiam
1359 2067 1648 2118 ministraret,
1682 2066 1827 2109 statim

205 2136 273 2171 est
296 2126 476 2169 sanitati
499 2126 734 2169 restitutus
755 2124 787 2167 ¹³.

295 2196 365 2240 35.
432 2184 595 2239 Rhegii
614 2184 658 2226 in
681 2184 891 2226 Calabria
915 2199 993 2238 pro
1017 2199 1125 2239 rege
1148 2191 1192 2227 et
1215 2185 1570 2240 archiepiscopo,
1591 2194 1636 2228 et
1658 2184 1752 2240 ipsa
1770 2184 1832 2227 ci-

208 2244 346 2287 uitate
368 2250 571 2298 Vrgente,
597 2243 839 2297 collegium
859 2243 1101 2285 admissum
1127 2250 1211 2295 est,
1232 2252 1275 2286 et
1299 2244 1435 2299 aliqui
1456 2258 1510 2285 eo
1533 2243 1670 2298 missi,
1692 2251 1737 2286 vt
1758 2258 1827 2287 res

205 2303 480 2346 necessarias
515 2308 736 2357 pararent;
762 2303 869 2344 dum
902 2309 1050 2345 autem
1084 2303 1275 2344 ecclesia
1308 2303 1372 2346 eis
1404 2302 1565 2345 tradita
1598 2310 1641 2345 et
1670 2304 1827 2346 domus

203 2369 353 2417 empta
379 2361 540 2403 nostris
561 2360 716 2405 vsibus
738 2362 1010 2404 accomodae
1034 2361 1299 2414 redduntur,
1319 2376 1435 2404 vnus
1452 2369 1497 2405 et
1514 2363 1630 2404 alter
1653 2368 1823 2404 tantum

204 2421 264 2463 ibi
288 2421 486 2463 residere
509 2426 741 2475 ceperunt.

293 2480 363 2533 36.
430 2478 658 2522 Cardinali
682 2477 895 2520 Farnesio
924 2485 1116 2532 petente,
1148 2478 1340 2521 admissa
1369 2486 1437 2521 est
1466 2493 1573 2522 cura
1601 2477 1825 2522 seminarii

203 2538 372 2582 Montis
394 2538 577 2592 Regalis
600 2537 645 2578 in
668 2536 834 2580 Sicilia.

291 2608 363 2651 37.
429 2598 557 2639 Duce
589 2595 842 2639 Sabaudiae
871 2594 1096 2638 scribente
1120 2596 1175 2637 ad
1202 2598 1250 2638 P.
1281 2597 1553 2651 generalem,
1580 2596 1821 2639 admissum

201 2663 268 2699 est
291 2655 526 2710 collegium
551 2653 863 2708 Ciamberiaci,
885 2654 1091 2708 sequenti
1111 2662 1259 2696 tamen
1279 2670 1396 2697 anno
1414 2656 1732 2707 inchoandum3
1753 2655 1822 2697 cui

200 2716 292 2756 dux
314 2726 401 2767 400
425 2728 587 2756 aureos
610 2726 786 2755 annuos
814 2720 1033 2767 perpetuo
1063 2713 1322 2768 applicauit,
1355 2729 1410 2758 ex
1436 2714 1530 2756 suis
1557 2714 1818 2765 redditibus,

199 2774 343 2815 donec
367 2772 479 2815 alios
501 2772 654 2814 firmos
676 2771 944 2826 assignaret.

270 2914 287 2940 b
340 2913 386 2947 In
417 2912 615 2957 margine,
643 2911 729 2945 alta
749 2922 871 2944 manu
894 2911 1109 2955 (Sacchini,
1146 2916 1186 2946 ut
1217 2914 1390 2956 videtur,
1420 2925 1534 2959 quem
1559 2914 1612 2958 cf.
1640 2914 1682 2948 in
1704 2915 1745 2959 p.
1768 2912 1819 2954 II,

200 2960 265 2995 lib.
297 2960 381 3001 VII,
404 2972 443 2996 n.
464 2960 545 3004 38).·
567 2959 682 2993 Anno
700 2957 897 3003 superiore
916 2958 1077 3002 (scilicet
1098 2959 1223 3004 1563).
