1891 3292
237 164 306 206 694
734 162 925 197 POLANOE
952 171 1269 198 COMPLEMENTA

192 266 276 305 bus
311 263 384 317 qui
419 270 594 303 nostras
626 263 802 303 scholas
836 263 1144 316 frequentant,
1186 271 1229 306 et
1262 264 1346 304 sub
1379 271 1554 317 patrum
1593 271 1811 318 potestate

195 330 315 373 sunt,
342 321 649 374 beneficiaque
672 322 839 363 habent
863 322 1105 364 simoniace
1128 323 1310 364 obtenta
1335 324 1402 364 vel
1427 323 1607 375 collata,
1634 323 1806 376 dispen-

195 380 281 422 sari
312 379 450 433 possit
478 388 525 420 vt
552 394 603 421 ea
635 380 855 421 retineant
887 388 931 421 et
962 381 1135 422 absolui
1166 381 1208 421 in
1238 381 1599 422 confessionibus
1622 381 1807 435 possint,

195 439 258 481 eis
281 452 368 479 non
394 438 606 491 dimissis,
634 439 779 479 donec
808 439 934 480 liberi
964 439 1073 489 sint,
1099 447 1143 481 et
1173 448 1297 481 extra
1327 446 1592 493 potestatem
1618 446 1807 493 patrum:

197 505 304 538 tunc
326 496 444 537 enim
467 496 622 547 voluit,
648 504 694 537 vt
717 498 836 549 quod
853 498 1034 548 debent,
1055 506 1297 552 praestent3
1325 499 1409 551 3.⁰,
1436 498 1479 538 in
1500 500 1660 551 quouis
1682 499 1809 542 colle-

196 556 273 610 gio
299 555 624 610 praedictarum
647 556 902 609 regionum,
930 565 1104 610 praeter
1127 571 1261 597 vnum
1283 557 1425 610 (prius
1446 559 1730 610 concessum)
1754 558 1812 598 al·

196 623 340 655 terum
364 614 568 668 superior
602 614 738 668 possit
762 614 1058 668 constituere,
1092 615 1166 668 qui
1196 616 1399 657 absoluat
1428 630 1505 656 eos
1535 615 1609 669 qui
1639 615 1810 656 iurisdi-

196 673 391 714 ctionem
416 672 767 714 ecclesiasticam
796 673 1054 724 violassent,
1080 682 1123 715 et
1152 682 1385 728 propterea
1414 673 1458 715 in
1483 674 1813 716 excommunio-

197 746 298 775 nem
322 732 366 772 in
390 732 510 772 bulla
533 732 713 773 Coenae
737 739 1008 773 reseruatam
1039 732 1317 784 incidissent3
1343 733 1426 785 4⁰,
1452 739 1499 772 vt
1523 732 1657 773 libros
1690 746 1813 775 acee-

196 790 399 833 dentium
424 791 478 831 ad
501 791 678 831 scholas
700 797 876 832 nostras
898 792 966 833 vel
992 800 1166 832 nostros
1184 799 1309 834 extra
1331 792 1507 832 scholas
1530 792 1812 844 frequentan-

197 849 329 899 tium,
359 863 592 902 possemus
616 849 780 902 vbique
809 864 1024 903 purgare,
1051 851 1106 892 de
1129 850 1181 891 iis
1206 850 1522 904 intelligendo,
1550 850 1627 904 qui
1657 851 1726 892 Vel
1758 851 1815 892 ab

198 908 460 950 auctoribus
483 907 609 949 malis
630 909 821 949 confecti
845 916 970 958 sunt,
996 909 1074 950 sed
1098 924 1184 950 non
1215 916 1358 961 agunt
1386 909 1441 949 de
1470 908 1572 949 fidei
1596 909 1813 963 dogmati-

196 968 296 1019 bus,
320 967 387 1008 vel
416 981 441 1007 a
470 967 621 1016 bonis,
654 967 732 1008 sed
760 967 886 1008 malis
915 967 1100 1008 scholiis
1128 968 1199 1009 vel
1222 967 1587 1009 annotationibus
1616 975 1720 1008 sunt
1752 967 1815 1009 in-

198 1025 353 1081 spersi,
380 1026 449 1066 vel
473 1025 643 1067 ethnici
672 1033 798 1078 sunt,
825 1026 903 1068 sed
933 1025 1191 1067 huiusmodi
1221 1026 1404 1067 scholiis
1432 1025 1644 1080 corrupti3
1676 1026 1815 1068 voluit

197 1093 347 1127 autem
371 1084 504 1126 deleri
523 1098 575 1126 ea
599 1098 712 1137 quae
731 1085 846 1125 mala
863 1091 1028 1137 essent,
1050 1092 1094 1127 et
1118 1085 1297 1126 nomina
1315 1092 1551 1127 auctorum
1576 1085 1812 1137 malorum;

200 1143 284 1197 5.⁰‚
312 1143 519 1196 praelatis
542 1143 953 1197 septentrionalium
978 1143 1209 1185 nationum
1228 1145 1449 1186 concessit
1472 1152 1520 1184 vt
1542 1143 1815 1185 substituere

200 1209 382 1257 possent
404 1201 589 1243 vicarios
612 1211 723 1255 quot
745 1202 809 1244 eis
832 1216 943 1256 opus
966 1217 1064 1245 esse
1087 1203 1314 1245 videretur
1337 1203 1392 1244 ad
1415 1202 1718 1244 absoluendos
1742 1216 1817 1244 eos

198 1261 273 1315 qui
303 1261 347 1301 in
377 1274 509 1302 casus
538 1269 791 1302 reseruatos
819 1260 1102 1311 incidissent,
1133 1276 1157 1302 a
1187 1261 1350 1315 quibus
1378 1261 1461 1316 ipsi
1492 1261 1688 1316 episcopi
1713 1275 1815 1315 pos-

199 1327 298 1362 sent
321 1334 399 1362 eos
421 1320 670 1362 absoluere.

286 1378 357 1420 62.
427 1378 558 1420 Prius
583 1380 632 1421 P.
660 1379 833 1420 Natalis
856 1380 1110 1421 obtinuerat
1134 1379 1390 1420 facultatem
1424 1377 1647 1420 retinendi
1673 1379 1818 1432 plures

198 1437 489 1479 canonicatus
513 1436 556 1477 in
584 1438 827 1480 Germania
857 1453 934 1492 pro
962 1437 1202 1479 iuuenibus
1232 1437 1479 1487 nobilibus,
1511 1451 1613 1478 curn
1646 1444 1831 1485 tantum?

198 1497 253 1538 ad
276 1496 562 1538 residentiam
591 1496 761 1549 aliquot
789 1497 1008 1539 mensium
1040 1504 1297 1549 teneantur,
1326 1495 1410 1545 2.⁰,
1444 1503 1492 1536 vt
1522 1496 1663 1537 nostri
1686 1495 1816 1538 etiam

199 1554 243 1596 in
269 1556 481 1609 paschate
504 1555 675 1609 possint
694 1555 1019 1597 Eucharistiam
1038 1555 1287 1597 ministrare
1305 1554 1357 1595 iis
1381 1554 1544 1609 quibus
1562 1554 1742 1596 timetur
1764 1569 1818 1597 ne

200 1614 283 1655 sub
308 1622 497 1667 Vtraque
520 1614 669 1668 specie
691 1616 970 1656 obtrudatur.

289 1672 360 1725 63.
426 1674 473 1713 In
499 1673 719 1723 Sardinia,
745 1673 790 1714 in
813 1673 1002 1727 collegio
1025 1672 1284 1722 sassarensi,
1311 1672 1517 1713 absoluto
1539 1671 1701 1714 artium
1720 1685 1815 1713 cur-

199 1731 356 1785 riculo,
388 1731 566 1785 aliquod
595 1731 769 1773 initium
801 1732 1071 1787 theologicis
1100 1731 1365 1773 lectionibus
1393 1732 1547 1772 datum
1577 1739 1661 1781 est;
1688 1738 1730 1772 et
1764 1744 1817 1772 ex

198 1790 323 1832 Italia
346 1790 458 1831 alius
482 1791 736 1844 theologiae
759 1792 899 1832 lector
922 1792 1097 1842 missus,
1123 1798 1168 1831 vt
1197 1790 1256 1831 ibi
1279 1789 1566 1832 seminarium
1590 1789 1817 1845 integrum

199 1848 454 1891 studiorum
481 1849 620 1892 fieret.
792 1854 798 1860 ”

289 1908 361 1960 64.
428 1909 528 1949 Hac
548 1915 716 1949 aestate
734 1908 987 1963 hispalense
1006 1908 1247 1961 collegium
1280 1916 1323 1950 et
1343 1907 1618 1961 probationis
1641 1908 1815 1961 domus,

199 1974 381 2021 propter
399 1974 567 2020 pestem
588 1970 719 2020 (quae
742 1967 874 2007 etiam
899 1968 1012 2008 duos
1035 1966 1199 2009 inuasit
1222 1973 1266 2009 et
1283 1967 1470 2009 alterum
1489 1965 1678 2008 extinxit
1701 1966 1818 2007 domi

200 2025 669 2079 nostrae)dissipatum
688 2033 770 2077 est;
784 2026 947 2068 ibidem
967 2033 1115 2068 tamen
1133 2032 1393 2068 manserunt
1410 2024 1624 2077 seniores,
1646 2025 1700 2065 ad
1721 2039 1816 2078 pro-

198 2084 422 2125 ximorum
441 2084 671 2134 auxilium,
693 2092 737 2125 et
760 2096 787 2136 4
804 2099 858 2127 ex
877 2085 972 2126 aliis
989 2085 1096 2126 locis
1114 2084 1385 2131 sacerdotes,
1408 2084 1513 2125 dum
1533 2083 1727 2125 saeuiret
1745 2097 1817 2138 pe-

200 2142 297 2195 stis,
324 2157 378 2184 eo
401 2151 560 2196 sponte
583 2158 663 2184 sua
686 2144 740 2184 ad
764 2144 1145 2186 benemerendum
1169 2145 1224 2184 de
1241 2142 1571 2196 hispalensibus
1589 2156 1636 2185 se
1665 2149 1818 2184 contu-

199 2202 362 2243 lerunt.
389 2203 483 2244 Sub
507 2203 761 2256 ingressum
784 2202 985 2244 autumni
1011 2210 1173 2253 tamen,
1198 2204 1282 2244 Dei
1306 2201 1542 2252 beneficio,
1578 2208 1622 2242 et
1645 2200 1818 2242 comitis

200 2260 255 2302 de
278 2262 434 2302 Monte
458 2261 608 2303 Acuto
631 2275 783 2315 opera,
810 2260 979 2302 ciuitati
1003 2262 1123 2302 salus
1141 2268 1208 2304 est
1227 2260 1445 2311 restituta3
1467 2268 1510 2302 et
1528 2259 1668 2301 nostri
1686 2260 1815 2301 etiam

200 2319 360 2360 nouitii
395 2319 639 2370 redierunt3
676 2326 721 2360 et
753 2320 904 2373 templi
942 2320 1165 2362 edificatio
1198 2333 1461 2374 progressus
1506 2319 1671 2361 habere
1704 2317 1819 2373 cepit

200 2378 408 2430 maiores,
435 2379 771 2421 benefactorum
796 2378 1052 2419 liberalibus
1075 2379 1370 2421 eleemosinis.

290 2437 361 2490 65.
428 2438 475 2478 ln
500 2437 692 2492 collegio
717 2451 836 2478 nouo
865 2439 1150 2490 Marchenae,
1182 2437 1312 2478 cuius
1339 2437 1500 2478 domus
1529 2445 1573 2478 et
1602 2434 1817 2478 ecclesiae

200 2495 426 2537 edificatio
458 2496 590 2538 etiam
624 2497 869 2549 crescebat,
907 2497 1087 2539 scholae
1118 2510 1358 2550 puerorum
1394 2494 1817 2538 rudimentariorum

200 2563 306 2596 sunt
330 2554 583 2597 inchoatae.
1499 2574 1503 2577 ·

289 2613 360 2655 66.
426 2614 522 2656 Sub
552 2613 754 2655 autumni
784 2612 918 2654 etiam
948 2613 1139 2665 initium,
1173 2612 1413 2667 collegium
1443 2618 1645 2653 nostrum
1670 2618 1818 2653 treue-

200 2685 332 2714 rense
354 2672 532 2727 magnis
556 2672 769 2713 molestiis
791 2679 834 2714 et
859 2671 1065 2726 periculis
1087 2686 1140 2713 ex
1170 2671 1403 2713 obsidione
1432 2670 1815 2725 prouenientibus,

200 2730 244 2771 in
269 2744 355 2783 qua
379 2744 480 2772 cum
511 2730 771 2785 prouinciali
801 2730 1152 2785 sesquimensem
1184 2731 1274 2772 fere
1307 2731 1637 2783 laborauerant,
1670 2727 1819 2770 dedita

203 2790 383 2831 tandem
409 2790 592 2832 ciuitate
614 2804 696 2831 suo
718 2790 1053 2844 archiepiscopo
1074 2803 1126 2830 ac
1149 2788 1353 2844 principi,
1378 2787 1551 2830 liberati
1575 2794 1695 2829 sunt.

291 2848 365 2900 67.
430 2850 632 2892 Senense
665 2847 905 2903 collegium
939 2856 1113 2903 praeter
1146 2849 1327 2889 domurn
1366 2855 1411 2889 et
1448 2847 1682 2888 ecclesiam
1723 2857 1819 2899 pro-

202 2906 341 2960 priam
375 2921 506 2960 quam
536 2909 622 2949 hoc
650 2921 768 2949 anno
796 2914 1091 2950 consecutum
1121 2914 1217 2949 erat
1244 2907 1291 2950 S.
1324 2905 1492 2960 vigilii,
1526 2912 1818 2959 augmentum

203 2965 374 3020 accepit
397 2965 693 3020 applicatione
714 2966 953 3021 dissipatae
976 2980 1026 3008 ac
1049 2967 1254 3008 desertae
1282 2965 1474 3017 abatiae,
1509 2965 1565 3006 ad
1595 2965 1816 3019 Quartum
