1891 3292
269 182 337 225 658
781 181 967 216 POLANcr
994 190 1308 217 COMPLEMENTA

220 282 258 323 ci
283 290 447 335 tamen,
476 288 521 321 vt
545 282 823 324 absoluendo
847 281 1052 324 aedificio
1075 282 1293 325 materiali
1316 290 1360 324 et
1389 282 1608 338 spirituali
1631 283 1842 327 inchoan—

221 342 277 382 do
301 342 458 382 darent
483 355 681 394 operam.

303 410 376 454 92.
444 399 756 441 Barchinonae
781 399 919 441 nostri
944 407 987 442 et
1017 400 1259 455 praecipue
1292 406 1455 450 rector,
1492 398 1534 439 in
1568 398 1621 441 iis
1644 414 1758 453 quae
1789 403 1843 445 ad

216 458 578 500 reformationem
615 457 916 512 pertinebant,
958 467 1002 501 et
1039 459 1219 500 concilii
1250 457 1483 501 tridentini
1513 459 1840 515 executionem,

216 516 505 570 prouincialis
528 516 662 558 etiam
687 517 847 570 synodi
870 518 1040 559 bonum
1065 532 1373 572 progressum,
1407 516 1639 571 egregiam
1665 532 1842 573 operam

216 575 417 627 nauauit;
443 575 604 617 domus
627 575 761 618 etiam
782 575 1011 618 edificium
1035 585 1102 619 est
1125 577 1400 618 absolutum.

304 647 375 699 93.
443 636 492 675 In
521 634 714 699 collegio
744 634 882 678 Baiae
911 636 1183 678 Sanctorum
1215 634 1434 678 Omnium
1464 635 1509 676 in
1540 634 1766 689 Brassilia,
1800 643 1842 680 et

215 693 259 734 in
283 693 443 734 vicinis
472 693 602 748 pagis
625 693 699 734 vbi
724 693 865 734 nostri
896 695 1182 736 conuersioni
1213 694 1452 749 gentilium
1477 702 1657 745 vacant,
1683 708 1843 750 magna

215 751 389 793 accesio
413 751 685 794 christianae
708 752 985 807 reipublicae
1009 754 1128 795 facta
1148 762 1232 806 est,
1255 752 1458 807 plurimis
1475 752 1727 807 baptizatis,
1751 753 1843 797 aliis

213 810 415 864 legitimo
434 810 720 852 matrimonio
743 811 926 868 iunctis;
949 819 993 854 et
1017 813 1098 854 feri
1117 811 1472 853 brassiliensium
1496 812 1633 853 animi
1657 813 1841 855 multum

214 869 403 912 emolliri
426 869 560 924 cepti,
585 877 629 910 et
658 870 702 912 in
732 870 849 912 festo
878 871 1071 912 nominis
1100 873 1216 922 Iesu,
1249 870 1291 911 in
1328 878 1482 912 nostro
1510 870 1703 926 collegio
1731 871 1841 914 cele-

215 929 356 980 brato,
387 928 552 983 ingens
581 929 816 971 hominum
855 931 1098 972 multitudo
1131 945 1185 972 eo
1213 929 1444 980 confluxit,
1480 936 1524 972 et
1554 930 1842 972 sacramentis

215 987 515 1029 confessionis
537 995 581 1030 et
604 989 935 1030 communionis
957 997 1210 1044 expurgata
1239 996 1323 1040 est3
1356 996 1401 1030 et
1429 988 1557 1042 pueri
1589 988 1839 1043 indigenae,

214 1060 239 1087 a
262 1046 429 1087 nostris
451 1046 662 1089 instructi
692 1047 812 1089 tibiis
840 1062 1001 1090 canere
1025 1048 1109 1091 Dei
1134 1048 1306 1101 laudes,
1339 1061 1532 1101 magnae
1565 1047 1841 1089 admirationi

212 1111 256 1146 et
279 1105 580 1147 aedificationi
603 1106 816 1148 omnibus
834 1109 973 1149 fuere.
998 1107 1308 1149 Concionibus
1326 1106 1621 1160 doctrinaque
1643 1106 1840 1149 christia-

213 1178 269 1205 na
299 1164 533 1215 tradenda,
566 1179 672 1219 prae
702 1166 893 1208 caeteris
928 1166 1074 1217 annis,
1106 1166 1149 1207 in
1186 1166 1354 1220 pietate
1383 1164 1617 1206 christiani
1646 1165 1840 1219 profece-

213 1230 333 1266 runt.
368 1224 423 1264 Et
449 1223 494 1265 in
526 1225 811 1267 hebdomada
839 1232 998 1266 sancta
1026 1225 1292 1266 inusitatum
1325 1224 1651 1279 spectaculum,
1683 1237 1836 1265 monu-

214 1282 352 1324 menti
383 1282 457 1324 Χ.ἰ
485 1284 559 1335 (ad
588 1284 708 1337 quod
736 1284 901 1338 ingens
929 1297 1180 1325 concursus
1212 1291 1279 1325 est
1314 1283 1480 1335 factus)
1513 1283 1688 1324 animos
1710 1282 1838 1337 pluri-

215 1355 335 1382 mum
361 1349 519 1384 moult.

303 1399 409 1456 [94].
479 1402 594 1443 Cum
620 1401 869 1444 Nouembri
892 1415 1046 1443 mense
1070 1401 1211 1442 nostri
1237 1401 1490 1443 Pultouiam
1514 1399 1757 1454 venissent,
1779 1408 1837 1442 ta-

215 1472 315 1501 men
347 1459 501 1502 Vltima
531 1461 797 1502 Decembris
821 1461 1063 1515 negocium
1089 1460 1267 1514 collegii
1290 1461 1549 1502 confectum
1580 1467 1664 1510 est,
1699 1465 1742 1502 et
1765 1473 1833 1501 se-

214 1518 368 1570 quenti
399 1519 485 1570 die,
518 1519 563 1560 id
586 1527 653 1560 est
683 1520 883 1563 calendis
906 1519 1099 1561 Ianuarii
1130 1520 1254 1572 1566,
1281 1519 1419 1561 nostri
1442 1519 1487 1560 in
1512 1517 1835 1574 possessionem

213 1576 309 1618 eius
333 1586 439 1619 sunt
462 1578 655 1620 inducti.

795 1680 923 1712 ANNo
948 1680 1122 1709 DOMINI
1153 1667 1263 1720 1566

306 1768 341 1798 1.
408 1756 524 1798 Cum
547 1756 737 1811 septima
761 1755 833 1798 die
863 1755 1069 1806 Ianuarii,
1098 1755 1206 1797 Pius
1237 1769 1349 1809 papa
1380 1755 1436 1804 V,
1463 1768 1665 1795 summus
1695 1753 1834 1808 ponti-

214 1816 285 1857 fex
309 1814 472 1857 'diuirio
502 1816 651 1870 potius
682 1829 814 1869 quam
845 1816 1042 1855 humano
1071 1814 1258 1855 consilio
1286 1815 1458 1855 electus
1495 1813 1669 1863 fuisset,
1708 1815 1834 1855 Pater

211 1881 362 1915 noster
390 1874 673 1929 praepositus
697 1873 935 1928 generalis.
962 1888 1063 1916 eum
1088 1874 1221 1927 paulo
1240 1880 1341 1928 post
1364 1872 1521 1926 adiuit,
1547 1885 1650 1913 cum
1669 1871 1754 1913 alio
1770 1886 1833 1913 sa-

209 1934 411 1983 cerdote,
443 1940 487 1975 et
511 1933 710 1988 benigne
739 1933 978 1973 admodum
1009 1940 1075 1974 est
1105 1947 1182 1974 eos
1212 1933 1454 1982 allocutus;
1491 1938 1536 1974 et
1565 1930 1767 1983 consilio,
1791 1936 1833 1972 et

212 1991 376 2033 auxilio
400 1991 642 2035 Societatis
666 2006 713 2033 se
736 1992 849 2034 velle
872 1991 930 2032 vti
954 1990 1243 2045 significauit.
1271 1991 1386 2047 Cum
1417 1997 1565 2032 autem
1600 2001 1650 2031 21
1684 1990 1832 2030 Ianua-

212 2050 262 2091 rii
286 2051 486 2093 secundo
509 2065 612 2092 eum
637 2051 833 2102 adiisset,
859 2057 902 2091 et
935 2050 1234 2091 obedientiam
1263 2064 1346 2091 suo
1367 2056 1411 2091 et
1436 2049 1573 2090 totius
1602 2047 1833 2091 Societatis

209 2109 409 2160 nomine,
436 2110 553 2151 circa
578 2109 812 2152 missiones
842 2123 919 2162 pro
948 2109 1139 2150 instituti
1171 2108 1310 2150 nostri
1340 2108 1525 2156 ratione,
1559 2107 1691 2149 etiam
1721 2107 1832 2149 inter

210 2168 431 2210 hereticos
469 2176 512 2210 et
550 2169 754 2210 infideles
792 2167 1042 2221 obtulisset,
1078 2167 1353 2209 commoueri
1391 2168 1486 2208 visa
1524 2174 1629 2208 sunt
1666 2165 1831 2208 viscera

212 2227 376 2268 summi
400 2227 644 2281 pontificis,
671 2237 715 2268 et
742 2234 992 2280 pergratam
1017 2242 1113 2268 eam
1145 2226 1417 2268 oblationem
1443 2225 1525 2267 sibi
1550 2224 1752 2267 accidere
1780 2223 1831 2265 si-

212 2285 462 2339 gnificauit.
492 2288 560 2328 Ac
584 2287 628 2327 in
645 2286 941 2328 Germaniam
967 2286 1021 2326 ad
1045 2285 1209 2327 dietam
1234 2284 1403 2339 imperii
1428 2284 1600 2339 aliquos
1631 2284 1748 2324 viros
1769 2296 1830 2324 se-

209 2345 362 2395 lectos,
387 2352 431 2386 et
454 2345 500 2386 in
524 2345 633 2387 alias
654 2344 926 2387 Germaniae
951 2352 1099 2398 partes
1122 2345 1231 2386 alios
1253 2344 1497 2384 mittendos
1519 2357 1618 2385 esse
1640 2341 1828 2392 censuit,

207 2410 251 2444 et
275 2405 563 2459 cathalogum
587 2404 671 2445 sibi
695 2403 789 2445 dari
814 2402 940 2457 petiit
964 2417 1119 2445 eorum
1143 2403 1219 2457 qui
1243 2403 1298 2444 ad
1323 2401 1580 2443 huiusmodi
1605 2401 1830 2442 missiones

207 2461 356 2504 idonei
380 2463 656 2505 viderentur.

297 2520 364 2563 2.⁰
429 2523 597 2564 Eodem
621 2521 691 2563 die
715 2520 841 2575 petiit
867 2522 999 2561 Pater
1022 2528 1175 2563 noster
1198 2519 1423 2574 generalis
1446 2533 1469 2560 a
1493 2533 1669 2560 summo
1693 2517 1829 2573 ponti-

208 2579 291 2621 fice
320 2581 709 2623 confirmationem
740 2579 939 2621 omnium
970 2579 1216 2633 gratiarum
1247 2580 1303 2620 ab
1334 2577 1431 2620 aliis
1459 2577 1763 2632 pontificibus,
1788 2582 1830 2617 et

206 2639 262 2680 ab
284 2652 337 2680 eo
361 2639 458 2693 ipso
483 2641 588 2681 dum
613 2653 817 2681 summus
840 2637 1078 2692 inquisitor
1101 2647 1234 2689 esset,
1260 2651 1592 2687 concessarum,
1613 2645 1656 2677 et
1674 2636 1718 2677 id
1735 2647 1828 2690 per-

205 2697 403 2753 benigne
421 2699 659 2750 concessit3
692 2706 737 2739 et
764 2695 979 2739 cardinali
1014 2696 1213 2747 Amulio,
1250 2704 1294 2737 vt
1330 2695 1634 2738 testimonium
1668 2696 1829 2736 faceret

207 2756 342 2797 huius
366 2758 671 2800 concessionis
694 2757 826 2798 viuae
850 2755 972 2797 vocis
996 2756 1179 2795 oraculo
1205 2756 1347 2796 factae
1370 2754 1578 2795 iniunxit.

296 2815 362 2867 3.Ο
426 2817 510 2858 Die
532 2816 710 2859 veneris
732 2814 978 2868 sequentis,
1005 2824 1056 2866 25
1082 2815 1290 2864 Ianuarii,
1319 2827 1359 2867 3.
1368 2813 1524 2854 ⁰adiit
1556 2812 1826 2867 pontificem,

205 2879 249 2914 et
272 2874 393 2915 dedit
415 2875 455 2916 ei
478 2876 767 2927 cathalogum
792 2875 885 2916 fere
909 2885 962 2926 30
987 2873 1310 2926 operariorum,
1335 2886 1390 2914 ex
1414 2871 1578 2925 quibus
1603 2883 1657 2912 20
1679 2867 1828 2933 egredi
1880 2863 1883 2906 Ι

205 2940 388 2984 possent
411 2949 466 2976 ex
495 2910 717 2990 collegii[s
698 2933 735 2989 s]
761 2929 1048 2984 Germaniae,
1087 2933 1334 2974 Bohemiae
1363 2938 1407 2972 et
1439 2929 1655 2972 Poloniae
1685 2928 1738 2970 ad
1767 2925 1826 2968 vi-

204 2989 305 3032 cina
328 2992 440 3044 loca,
467 3000 511 3036 et
534 2993 708 3048 reliqui,
736 2991 918 3034 liberius
942 3003 1228 3045 quocumque
1252 2991 1403 3044 vellet,
1435 2988 1567 3040 mitti,
1598 2984 1827 3029 submissis
