1891 3292
222 190 289 233 582
725 190 911 225 POLANOE
939 200 1253 227 COMPLEMENTA

264 289 406 332 Festis
429 289 514 330 illis
544 299 659 343 quae
689 290 881 332 natalem
906 292 1085 333 Domini
1110 292 1414 345 sequebantur
1449 292 1660 333 recitatae
1690 298 1794 333 sunt

175 363 198 389 a
224 348 386 389 nostris
408 348 451 388 in
477 349 643 401 templo
665 357 753 401 4.οΓ
786 349 988 404 insignes
1011 351 1251 392 orationes.
1285 351 1456 393 Versus
1486 350 1605 402 item,
1631 360 1674 393 et
1703 350 1793 392 dia-

174 408 305 460 logus
329 406 519 449 eximius
547 407 603 449 de
632 407 850 461 spirituali
879 408 1046 451 Christi
1071 409 1306 451 natiuitate
1337 409 1564 451 exhibitus
1592 416 1674 451 est.
1702 411 1792 451 De'-

172 466 333 506 derunt
358 472 508 507 autem
532 466 712 519 dialogo
734 466 910 509 initium
935 475 1024 510 tres
1048 468 1189 522 pueri,
1214 468 1425 510 haebraei
1450 467 1570 518 olim,
1597 468 1676 510 sed
1709 468 1794 509 iam

171 523 397 577 baptizati,
421 524 675 575 haebraice,
708 539 874 580 graece
906 533 949 569 et
983 528 1119 570 latine
1147 527 1364 569 auxilium
1394 526 1479 569 Dei
1509 526 1791 570 inuocantes.

172 584 368 637 Magnus
391 589 485 625 erat
506 584 659 638 populi
683 598 931 626 concursus
954 594 998 627 et
1021 586 1227 628 attentio.

913 709 1058 763 [1556]

256 819 392 859 Anno
422 819 531 872 1556
554 819 651 873 ipso
674 819 744 862 die
769 820 1139 863 Circumcisionis
1162 827 1372 863 oraturus
1395 828 1489 862 erat
1514 834 1663 862 coram
1690 835 1794 875 pon-

169 876 287 918 tifice
310 879 372 920 M.
397 878 671 920 Benedictus
696 880 999 932 concionator,
1025 881 1103 921 sed
1129 887 1313 935 propter
1335 879 1609 922 creationem
1634 893 1797 934 propu-

168 936 372 989 gnatoris
395 937 612 978 ecclesiae
636 937 879 992 impeditus
902 946 986 980 est.

241 1007 279 1052 *3
305 994 496 1036 Ianuarii
520 1007 744 1038 venerunt
774 998 829 1039 ad
852 997 1093 1051 collegium
1119 1011 1199 1039 sex
1224 999 1399 1040 fratres:
1433 996 1705 1039 Ambrosius
1729 1011 1795 1038 sa-

166 1054 339 1106 cerdos,
366 1054 690 1110 Wolfgangus‚
717 1057 957 1108 Aegidius,
979 1056 1259 1107 Fernandez‚
1287 1055 1480 1098 Michael
1503 1057 1737 1098 loretanus
1753 1062 1797 1097 et

169 1113 434 1154 Rumoldus.

254 1183 281 1223 4
310 1171 511 1213 eiusdem
546 1172 742 1214 instituit
766 1175 818 1215 R.
849 1175 899 1216 P.
928 1173 1168 1229 Ola[ueus]
1201 1180 1247 1214 vt
1277 1172 1480 1227 quotidie
1507 1173 1634 1214 fieret
1664 1173 1796 1214 lectio

168 1242 354 1271 casuum
379 1231 688 1274 conscientiae
711 1247 766 1275 ex
789 1232 1007 1276 Caietano
1030 1246 1110 1287 pro
1134 1232 1461 1286 sacerdotibus,
1499 1232 1726 1286 theologis
1754 1239 1797 1274 et

169 1289 500 1342 professoribus
524 1290 704 1334 artium.

263 1360 311 1389 12
342 1349 544 1391 eiusdem
569 1349 826 1392 audiuimus
849 1349 1021 1392 litteras
1049 1349 1176 1391 ducis
1209 1349 1443 1401 Bauariae,
1477 1349 1642 1403 quibus
1676 1355 1796 1403 pete-

169 1407 244 1447 bat
267 1406 352 1448 sibi
378 1408 538 1450 fratres
562 1409 675 1450 mitti
700 1423 780 1463 pro
804 1409 996 1463 collegio
1018 1408 1376 1463 ingolstadiensi.

260 1466 309 1507 18
333 1466 468 1508 huius
491 1467 671 1509 iuerunt
695 1469 908 1510 Loretum
932 1468 1108 1522 Gaspar
1130 1467 1351 1509 lusitanus
1379 1474 1423 1509 et
1443 1468 1633 1508 Iacobus
1654 1467 1797 1508 Pisto-

167 1538 238 1578 ya.
268 1524 495 1567 Venerant
518 1533 669 1568 autem
694 1527 749 1568 ad
771 1526 1012 1581 collegium
1037 1534 1126 1569 tres
1145 1526 1232 1569 alii.
1260 1526 1449 1568 Abierat
1473 1533 1622 1568 autem
1646 1525 1691 1566 in
1712 1525 1796 1567 Hi-

169 1583 348 1637 spanias
372 1586 432 1626 M.
464 1584 662 1627 Victoria
685 1600 771 1627 vna
795 1599 896 1626 cum
919 1586 1124 1628 Gerardo
1147 1599 1229 1627 suo
1259 1585 1309 1627 16
1331 1585 1467 1626 huius
1490 1585 1672 1627 mensis.

260 1643 427 1684 Vltimo
453 1644 586 1685 huius
609 1644 858 1686 exosculati
888 1651 993 1685 sunt
1026 1645 1162 1698 pedes
1185 1644 1349 1685 summi
1379 1643 1606 1698 pontificis
1636 1645 1797 1686 fratres

170 1702 310 1742 nostri
342 1702 417 1755 qui
452 1703 745 1745 mittebantur
782 1705 990 1757 Pragam.
1030 1703 1366 1745 Humanissime
1403 1717 1511 1745 vero
1544 1702 1642 1743 illos
1680 1701 1795 1745 exci-

168 1759 311 1813 piens,
338 1760 472 1802 etiam
497 1763 552 1803 ad
581 1762 843 1816 martyrium
881 1762 1222 1817 exhortabatur,
1255 1770 1299 1805 et
1328 1761 1692 1804 benedictionem
1723 1776 1796 1816 pa·

174 1825 344 1860 ternam
370 1819 677 1874 impendebat.

266 1878 490 1932 Principio
515 1879 748 1921 Februarii
769 1880 984 1933 templum
1010 1887 1212 1921 nostrum
1238 1879 1381 1921 maius
1404 1879 1626 1921 redditum
1651 1885 1734 1920 est.

257 1937 283 1978 6
316 1937 450 1978 huius
479 1938 686 1979 doctores
710 1938 964 1993 theologiae
994 1940 1077 1979 hoc
1108 1939 1242 1979 modo
1271 1938 1409 1979 creati
1431 1946 1536 1979 sunt
1572 1937 1798 1979 Henricus

170 1994 440 2038 Brissemius
458 2003 502 2038 et
526 1999 714 2039 Ioannes
736 1998 791 2040 de
815 1997 942 2039 Tilia.
970 1997 1340 2039 Conueneramus
1363 2011 1519 2039 omnes
1541 1998 1597 2038 ad
1615 1996 1796 2039 audien-

167 2054 272 2095 dum
306 2069 500 2107 sacrum,
543 2056 663 2109 quod
698 2057 748 2098 R.
790 2058 837 2097 P.
879 2057 1081 2098 Olaueus
1113 2056 1307 2107 dicebat3
1343 2057 1426 2097 sub
1459 2070 1513 2097 eo
1545 2054 1796 2098 communi-

167 2114 389 2156 cabantur
419 2115 559 2155 futuri
588 2116 811 2157 doctores.
846 2116 950 2157 Mox
984 2115 1147 2158 deinde
1180 2117 1231 2157 R.
1272 2117 1323 2157 P.
1361 2115 1565 2157 Olaueus
1595 2113 1798 2169 exposcit

166 2170 470 2215 iuramentum
490 2188 625 2228 super
641 2174 894 2228 euangelio,
912 2181 955 2215 et
977 2175 1025 2216 V.
1054 2174 1337 2215 Eucharistia
1360 2181 1554 2228 sumpta,
1577 2173 1697 2227 quod
1720 2187 1798 2228 per

166 2231 316 2272 omnia
339 2246 515 2286 semper
538 2247 749 2275 romanae
771 2232 988 2275 ecclesiae
1011 2233 1335 2284 consentirent,
1362 2242 1405 2275 et
1430 2234 1619 2286 posthac
1642 2233 1795 2274 docto-

168 2296 292 2331 ratus
315 2291 481 2344 pileum
504 2291 695 2346 imponit
713 2291 988 2333 authoritate
1011 2292 1255 2346 apostolica
1278 2292 1392 2334 Rdo.
1422 2294 1472 2334 P.
1500 2292 1676 2345 Ignatio
1694 2305 1795 2333 con-

166 2361 309 2401 cessa,
341 2349 473 2392 cuius
500 2351 621 2392 vices
650 2357 744 2391 tum
774 2365 822 2393 se
845 2364 1004 2405 gerere
1033 2351 1210 2393 dicebat
1240 2358 1453 2404 tanquam
1482 2350 1793 2393 cancellariuS.

167 2407 495 2450 Conscendunt
518 2409 680 2451 deinde
703 2416 972 2462 suggestum
997 2409 1221 2461 doctores,
1248 2417 1291 2452 et
1311 2424 1400 2451 una
1425 2423 1528 2451 cum
1553 2409 1797 2464 gratiarum

165 2466 344 2508 actione
379 2468 598 2522 breuique
631 2468 907 2522 praefatione
939 2467 1177 2510 lectionem
1209 2482 1363 2511 sacrae
1393 2467 1658 2523 theologiae
1689 2467 1796 2509 inci-

167 2524 311 2577 piunt,
338 2533 387 2567 ut
416 2528 502 2568 hoc
532 2527 665 2568 modo
686 2528 824 2569 veluti
849 2527 892 2568 in
917 2527 1247 2581 possessionem
1271 2527 1341 2569 sui
1369 2528 1539 2582 gradus
1571 2526 1792 2569 venirent.

164 2583 303 2626 Hisce
329 2586 538 2640 peractis,
565 2600 722 2628 omnes
746 2586 843 2627 illos
867 2587 1065 2628 fraterna
1088 2586 1310 2628 charitate
1334 2585 1528 2640 amplexi
1551 2592 1674 2628 sunt.

257 2655 307 2685 10
331 2644 466 2686 huius
490 2645 715 2699 publicam
741 2646 947 2688 fecerunt
965 2645 1291 2699 professionem
1312 2647 1373 2687 M.
1400 2646 1598 2688 Ismarus
1621 2652 1665 2687 et
1688 2645 1797 2686 Cor-

164 2701 311 2743 nelius
337 2705 713 2747 Brueckelmans.
952 2750 956 2754 ,

257 2772 305 2803 12
343 2762 478 2804 huius
509 2762 683 2805 inuncti
716 2769 821 2804 sunt
850 2762 896 2803 in
926 2762 1185 2804 sacerdotes
1216 2763 1276 2805 M.
1311 2761 1575 2804 Leonardus
1598 2761 1792 2812 calaber,

164 2818 321 2861 doctor
343 2821 574 2863 Henricus
597 2829 641 2864 et
664 2821 826 2863 doctor
843 2823 1043 2877 Joannes
1065 2821 1121 2863 de
1145 2821 1276 2863 Tilia.

260 2890 310 2931 14
359 2880 491 2922 huius
542 2881 750 2922 abierunt
795 2880 989 2933 Pragam
1045 2882 1106 2922 M.
1156 2881 1375 2930 Ismarus,
1424 2880 1486 2921 M.
1534 2877 1792 2928 Cornelius,

168 2936 226 2977 M.
248 2938 450 2992 Joannes
473 2939 528 2981 de
557 2939 687 2989 Tilia,
714 2941 774 2982 M.
803 2940 966 2981 Petrus
995 2938 1197 2993 Syluius‚
1224 2941 1286 2981 M.
1313 2937 1584 2981 Guilielmus
1613 2943 1794 2979 antuer-

168 2993 345 3049 pianus,
373 2998 626 3051 Balthasar‚
655 2998 910 3049 Florianus,
935 2999 1128 3053 Gaspar,
1155 2997 1361 3052 Erigher‚
1395 2996 1790 3046 Bartholomaeus,
