1953 3333
523 236 657 269 EPIST.
684 233 837 276 158.—3
864 232 1114 267 NOVEMBffls
1147 238 1233 273 1572
1580 227 1644 271 137

56 341 236 383 celenza
260 339 344 380 che
368 351 445 392 per
468 335 656 379 seruirla
679 335 715 376 si
739 336 781 376 fa
811 340 971 388 questa
1008 331 1361 386 dispensatione,
1395 338 1691 385 quantunque

57 431 144 459 non
162 415 203 457 01
225 415 291 456 513
314 413 444 456 facile
467 412 511 454 di
534 413 641 455 dare
663 411 797 453 simili
822 409 993 451 mastri.

145 505 184 546 3.
251 492 311 535 Se
335 490 516 533 intende
540 490 625 532 che
648 488 774 529 molti
801 487 1028 528 ricorrono
1059 485 1103 525 in
1136 485 1321 539 Pariggi
1348 485 1419 527 alli
1451 484 1592 526 nostri
1617 498 1694 537 per

55 572 254 613 hauerne
278 569 430 609 fauore
452 575 496 608 et
521 563 992 607 raccommandatione
1016 576 1198 616 apresso
1217 561 1332 603 della
1358 561 1526 604 maesta
1550 561 1621 602 del
1644 574 1693 601 re

55 654 98 689 et
120 645 290 700 regina.
316 645 371 686 V,
399 645 451 685 R.
481 642 678 697 proueda
702 643 785 682 che
815 640 843 682 li
877 639 1017 681 nostri
1049 638 1092 679 in
1119 646 1279 692 questa
1304 647 1428 692 parte
1452 638 1487 678 si
1510 639 1665 679 absten

55 736 173 779 gano
195 721 238 763 di
263 722 326 762 far
351 719 483 761 simili
508 716 983 768 raccommandationi,
1007 715 1288 757 Osseruando
1309 714 1353 754 in
1379 714 1447 755 cio
1464 714 1504 755 la
1528 713 1692 755 consti-

54 800 229 842 tutione
253 806 296 840 et
320 797 487 840 decreti
514 798 598 838 che
621 795 660 836 ci
686 796 726 845 e,
759 795 846 836 che
877 808 964 835 non
995 793 1035 834 ci
1069 791 1316 833 habhiamo
1341 791 1383 832 di
1414 791 1625 832 intricare
1649 790 1692 830 in

53 875 231 929 negocii
254 873 461 927 seculari,
489 880 532 916 et
557 873 694 914 molto
721 885 879 913 manco
904 885 928 912 a
954 872 1018 911 far
1039 870 1138 910 fede
1157 869 1229 909 alli
1249 868 1439 923 principi
1463 868 1577 908 della
1601 868 1691 908 suf-

53 952 247 996 ficientia
270 952 313 993 di
338 960 499 1005 questo
521 965 547 991 0
571 949 834 1004 quell'altro,
861 948 994 990 etiarn
1020 948 1106 988 che
1129 945 1231 987 dalli
1258 945 1398 986 nostri
1432 945 1601 985 fossero
1625 959 1691 985 es-

53 1029 256 1073 saminati
281 1043 357 1083 per
394 1027 642 1078 vescouati,
678 1025 857 1067 abbatie
891 1035 934 1066 et
968 1023 1185 1075 benefitii;
1224 1030 1350 1064 tanto
1381 1021 1455 1076 piu
1487 1022 1575 1063 che
1604 1035 1691 1062 non

54 1108 150 1150 suol
179 1120 299 1148 esser
330 1113 462 1160 grato
492 1119 516 1146 a
546 1103 680 1158 quelli
711 1104 796 1144 che
826 1103 861 1143 si
894 1101 1109 1156 uogliono
1132 1099 1302 1142 seruire
1325 1098 1429 1140 delli
1455 1097 1689 1139 ministerii

53 1184 166 1226 della
189 1190 342 1224 nostra
367 1179 662 1237 Compagnia,
690 1180 773 1220 che
796 1193 880 1219 con
905 1186 1064 1231 questa
1084 1175 1329 1217 occasione
1346 1174 1420 1216 noi
1445 1175 1484 1216 le
1502 1173 1687 1215 habbia—

53 1275 124 1302 mo
146 1276 170 1302 a
192 1271 386 1314 grauate
411 1271 497 1299 con
525 1254 999 1305 raccommandationi3
1033 1261 1077 1297 et
1101 1254 1145 1294 in
1170 1261 1296 1308 parte
1327 1253 1471 1293 anche
1501 1251 1538 1293 si
1561 1250 1693 1293 esmi-

53 1337 273 1379 nuiscono
301 1336 342 1377 13
371 1334 583 1389 opinione
614 1334 765 1375 buona
793 1334 877 1374 che
903 1332 958 1373 de
988 1331 1062 1372 noi
1089 1338 1285 1386 tengono
1318 1328 1422 1371 nelli
1453 1327 1593 1369 nostri
1617 1326 1695 1368 rni-

53 1413 234 1466 nisterii,
261 1413 378 1454 onde
402 1426 449 1454 se
472 1411 716 1466 impedisce
740 1411 875 1451 molto
900 1409 927 1451 il
953 1408 1140 1451 seruitio
1165 1408 1221 1450 de
1246 1407 1332 1449 Dio
1362 1413 1517 1447 nostro
1543 1404 1695 1459 signo-

54 1506 99 1533 re
121 1501 164 1533 et
187 1490 316 1532 aiuto
340 1490 456 1532 delle
479 1489 645 1530 anime.

140 1580 182 1621 4.
250 1567 544 1610 Desiderarno
567 1580 725 1620 sapere
754 1566 838 1607 che
870 1564 935 1606 sia
960 1566 998 1605 la
1022 1578 1158 1606 causa
1183 1564 1267 1603 che
1291 1562 1319 1602 il
1348 1562 1398 1603 P.
1423 1544 1695 1603 Maldonado

56 1660 143 1687 non
172 1646 308 1700 legga
340 1643 625 1698 quest'anno;
663 1657 710 1684 se
749 1643 835 1684 ben
876 1641 1103 1684 crediamo
1137 1641 1222 1681 che
1251 1653 1340 1680 non
1373 1638 1438 1679 sia
1468 1639 1618 1679 leuato
1650 1636 1693 1677 di
1722 1665 1726 1670 ·

54 1730 211 1777 questo
229 1721 459 1765 essercitio
477 1735 612 1763 senza
632 1721 823 1774 qualche
841 1717 1178 1773 dispensatione
1201 1716 1246 1757 di
1271 1724 1427 1757 nostro
1451 1714 1595 1756 Padre
1614 1728 1690 1768 ge-

53 1800 215 1850 nerale,
243 1799 314 1854 pie
339 1797 568 1851 memorie,
596 1797 714 1839 della
737 1797 840 1850 qual
866 1795 940 1837 noi
962 1809 1050 1849 qua
1076 1809 1164 1835 non
1188 1793 1330 1835 siamo
1354 1791 1600 1833 informati.
1639 1791 1694 1831 Et

53 1875 126 1931 gia
148 1877 233 1918 che
251 1890 341 1918 non
368 1876 516 1930 legge,
538 1874 576 1915 ci
602 1888 707 1929 pare
731 1874 862 1926 bene,
890 1887 1023 1914 come
1046 1872 1074 1912 il
1108 1873 1157 1913 P.
1188 1858 1393 1914 Oliuerio
1416 1868 1587 1923 scriue,
1627 1876 1689 1909 at-

54 1954 185 1995 tenda
213 1953 259 1994 in
288 1960 448 2007 questo
480 1947 655 1993 mentre
685 1966 709 1992 a
741 1950 946 1992 riuedere
976 1949 1005 1990 il
1035 1963 1118 1990 suo
1147 1962 1294 1999 00150,
1329 1955 1374 1990 et
1405 1947 1613 1989 metterlo
1650 1945 1694 1986 in

55 2030 210 2072 ordine
227 2030 282 2072 da
302 2029 469 2085 potersi
492 2036 733 2083 stampare,
756 2026 967 2069 accioche
993 2041 1082 2068 non
1103 2039 1334 2080 preuenga
1353 2024 1579 2078 qualcuno
1597 2023 1688 2065 del—

54 2106 83 2148 li
107 2107 300 2149 auditori
323 2122 347 2148 a
370 2106 613 2161 stamparlo
637 2105 1035 2147 inmaturamente.
1560 2104 1564 2105 ⁷
1673 2100 1687 2123 '¹

141 2194 182 2237 5.
249 2185 280 2226 Il
308 2186 360 2227 P.
385 2183 586 2226 Mariana
609 2183 756 2224 anche
780 2182 823 2222 in
844 2190 969 2223 tanto
992 2182 1075 2222 che
1094 2180 1130 2222 si
1156 2182 1199 2222 fa
1222 2187 1374 2234 tempo
1397 2178 1439 2219 di
1461 2186 1589 2233 poter
1612 2192 1694 2218 an-

54 2261 131 2305 dar
158 2262 231 2303 3111
260 2261 398 2317 bagni
430 2262 486 2304 de
515 2260 690 2315 Liegia,
722 2261 822 2301 sara
853 2260 968 2302 bene
1000 2260 1084 2301 che
1114 2258 1299 2300 attenda
1330 2273 1354 2299 3
1385 2244 1513 2298 finire
1544 2255 1695 2309 quella

54 2353 133 2381 5113
155 2338 339 2380 historia
369 2337 697 2390 ecclesiastica,
729 2344 773 2378 et
805 2345 966 2379 metter
996 2335 1039 2376 in
1071 2335 1228 2377 ordine
1259 2348 1345 2375 con
1378 2347 1458 2375 sua
1484 2333 1694 2374 consola-

55 2415 173 2458 tione
197 2416 344 2469 quella
367 2415 612 2470 theologia,
639 2414 756 2457 della
779 2414 910 2468 quale
941 2413 969 2454 il
1004 2414 1054 2454 P.
1083 2413 1245 2454 Natale
1269 2413 1326 2452 ha
1358 2410 1433 2465 gia
1458 2423 1564 2451 seco
1591 2417 1697 2449 trat-

55 2499 161 2546 tato,
186 2500 230 2534 et
254 2493 315 2535 lui
340 2494 382 2535 fa
405 2491 637 2534 mentione
662 2505 740 2546 per
765 2505 853 2533 una
873 2504 954 2532 sua
978 2490 1154 2532 lettera.

141 2569 181 2611 6.
248 2571 434 2625 Quanto
457 2570 498 2611 al
524 2571 574 2611 P.
607 2567 768 2611 Pontio
791 2583 882 2610 non
909 2567 1135 2610 uorriamo
1159 2568 1243 2608 che
1264 2565 1324 2606 lui
1357 2567 1549 2607 hauesse
1577 2562 1694 2604 biso-

53 2660 144 2701 gno
165 2647 210 2688 di
231 2648 370 2689 andar
393 2662 417 2689 a
440 2648 614 2689 03113110
635 2661 711 2702 per
735 2646 991 2701 negotiare;
1020 2647 1127 2699 pero
1151 2644 1190 2686 ci
1215 2657 1403 2686 occorre
1428 2657 1504 2696 per
1527 2653 1695 2681 manco

54 2737 134 2766 sua
157 2724 305 2775 fatica,
337 2726 421 2767 che
446 2725 607 2766 stando
641 2724 686 2766 in
715 2738 818 2765 casa
848 2722 1115 2778 negociasse
1148 2737 1224 2776 per
1254 2720 1370 2770 altri,
1398 2734 1423 2760 o
1449 2732 1527 2773 per
1554 2717 1697 2772 polize

56 2800 198 2854 quelle
236 2815 340 2843 cose
377 2804 462 2843 che
492 2816 582 2843 non
621 2802 917 2844 ricercassero
955 2801 996 2841 la
1029 2814 1111 2841 sua
1146 2797 1377 2853 presencia
1422 2793 1696 2838 necessaria-

56 2884 218 2929 mente3
240 2878 419 2932 quando
438 2892 521 2932 pur
546 2878 663 2920 fosse
680 2877 874 2933 bisogno
891 2877 1006 2919 della
1029 2890 1110 2918 sua
1135 2874 1379 2930 presentia,
1403 2871 1599 2927 potendo
1621 2885 1697 2912 an—

56 2951 133 2994 dar
156 2967 180 2995 a
203 2953 345 3008 piede,
374 2954 395 2996 0
420 2953 495 3009 piu
518 2954 575 2996 da
603 2954 874 3005 desiderare;
908 2953 1089 3008 quando
1113 2966 1196 3007 pur
1226 2949 1481 3005 bisagnassi
1508 2948 1649 2990 andar
1675 2963 1699 2989 a

57 3030 242 3081 cauallo,
267 3044 293 3072 o
316 3045 406 3072 non
431 3031 611 3084 andare,
636 3030 676 3073 13
702 3030 905 3072 facciano
930 3044 1064 3072 senza
1089 3028 1304 3071 scandalo
1329 3026 1477 3082 quello
1502 3026 1586 3068 che
1610 3039 1698 3067 me-
