<?xml version="1.0" encoding="UTF-8"?>
<!DOCTYPE html PUBLIC "-//W3C//DTD XHTML 1.0 Transitional//EN"
    "http://www.w3.org/TR/xhtml1/DTD/xhtml1-transitional.dtd">
<html xmlns="http://www.w3.org/1999/xhtml" xml:lang="en" lang="en">
 <head>
  <title>
</title>
<meta http-equiv="Content-Type" content="text/html;charset=utf-8" />
  <meta name='ocr-system' content='tesseract 3.04.00' />
  <meta name='ocr-capabilities' content='ocr_page ocr_carea ocr_par ocr_line ocrx_word'/>
</head>
<body>
  <div class='ocr_page' id='page_1' title='image "./polancicomplemen07pola_0600.png"; bbox 0 0 1891 3292; ppageno 0'>
   <div class='ocr_carea' id='block_1_1' title="bbox 281 197 1311 245">
    <p class='ocr_par' dir='ltr' id='par_1_1' title="bbox 281 197 1311 245">
     <span class='ocr_line' id='line_1_1' title="bbox 281 197 1311 245; baseline -0.004 -10"><span class='ocrx_word' id='word_1_1' title='bbox 281 201 347 245; x_wconf 85' lang='lat'>578</span> <span class='ocrx_word' id='word_1_2' title='bbox 784 197 970 233; x_wconf 77' lang='lat' dir='ltr'><strong>POLANCI</strong></span> <span class='ocrx_word' id='word_1_3' title='bbox 998 205 1311 233; x_wconf 78' lang='lat' dir='ltr'><strong>COMPLEMENTA</strong></span> 
     </span>
    </p>
   </div>
   <div class='ocr_carea' id='block_1_2' title="bbox 223 297 1850 1999">
    <p class='ocr_par' dir='ltr' id='par_1_2' title="bbox 229 297 1848 587">
     <span class='ocr_line' id='line_1_2' title="bbox 231 297 1846 355; baseline -0.001 -11"><span class='ocrx_word' id='word_1_4' title='bbox 231 309 273 344; x_wconf 89' lang='lat' dir='ltr'>et</span> <span class='ocrx_word' id='word_1_5' title='bbox 297 300 528 355; x_wconf 77' lang='lat' dir='ltr'>applausu,</span> <span class='ocrx_word' id='word_1_6' title='bbox 564 298 911 352; x_wconf 89' lang='lat' dir='ltr'>Respondebant</span> <span class='ocrx_word' id='word_1_7' title='bbox 943 304 1091 340; x_wconf 92' lang='lat' dir='ltr'>autem</span> <span class='ocrx_word' id='word_1_8' title='bbox 1115 306 1197 350; x_wconf 70' lang='lat' dir='ltr'><strong>4.0r</strong></span> <span class='ocrx_word' id='word_1_9' title='bbox 1223 297 1425 352; x_wconf 84' lang='lat' dir='ltr'>theologi</span> <span class='ocrx_word' id='word_1_10' title='bbox 1454 311 1531 352; x_wconf 90' lang='lat' dir='ltr'>per</span> <span class='ocrx_word' id='word_1_11' title='bbox 1561 304 1649 339; x_wconf 91' lang='lat' dir='ltr'>tres</span> <span class='ocrx_word' id='word_1_12' title='bbox 1681 298 1775 342; x_wconf 90' lang='lat' dir='ltr'>dies</span> <span class='ocrx_word' id='word_1_13' title='bbox 1802 299 1846 342; x_wconf 92' lang='lat' dir='ltr'>in</span> 
     </span>
     <span class='ocr_line' id='line_1_3' title="bbox 231 355 1843 411; baseline -0.001 -10"><span class='ocrx_word' id='word_1_14' title='bbox 231 373 356 401; x_wconf 89' lang='lat' dir='ltr'>sacra</span> <span class='ocrx_word' id='word_1_15' title='bbox 379 357 622 411; x_wconf 74' lang='lat' dir='ltr'>theologia,</span> <span class='ocrx_word' id='word_1_16' title='bbox 647 363 690 399; x_wconf 91' lang='lat' dir='ltr'>et</span> <span class='ocrx_word' id='word_1_17' title='bbox 715 364 797 409; x_wconf 72' lang='grc' dir='ltr'>4.οῐ</span> <span class='ocrx_word' id='word_1_18' title='bbox 821 356 953 398; x_wconf 91' lang='lat' dir='ltr'>etiam</span> <span class='ocrx_word' id='word_1_19' title='bbox 980 355 1237 411; x_wconf 80' lang='lat' dir='ltr'>philosophi</span> <span class='ocrx_word' id='word_1_20' title='bbox 1261 370 1338 410; x_wconf 89' lang='lat' dir='ltr'>per</span> <span class='ocrx_word' id='word_1_21' title='bbox 1360 365 1442 408; x_wconf 69' lang='grc' dir='ltr'>4.ΟΥ</span> <span class='ocrx_word' id='word_1_22' title='bbox 1465 355 1575 399; x_wconf 87' lang='lat' dir='ltr'>dies.</span> <span class='ocrx_word' id='word_1_23' title='bbox 1601 357 1738 398; x_wconf 86' lang='lat' dir='ltr'>Erant</span> <span class='ocrx_word' id='word_1_24' title='bbox 1763 372 1843 399; x_wconf 86' lang='lat' dir='ltr'>au-</span> 
     </span>
     <span class='ocr_line' id='line_1_4' title="bbox 231 414 1847 474; baseline -0.001 -15"><span class='ocrx_word' id='word_1_25' title='bbox 231 425 318 460; x_wconf 90' lang='lat' dir='ltr'>tern</span> <span class='ocrx_word' id='word_1_26' title='bbox 352 415 551 458; x_wconf 88' lang='lat' dir='ltr'>omniurn</span> <span class='ocrx_word' id='word_1_27' title='bbox 589 414 906 457; x_wconf 79' lang='lat' dir='ltr'>conclusiones</span> <span class='ocrx_word' id='word_1_28' title='bbox 941 415 1057 470; x_wconf 87' lang='lat' dir='ltr'>typis</span> <span class='ocrx_word' id='word_1_29' title='bbox 1095 428 1326 458; x_wconf 79' lang='lat' dir='ltr'><strong>excussae.</strong></span> <span class='ocrx_word' id='word_1_30' title='bbox 1368 414 1707 469; x_wconf 81' lang='lat' dir='ltr'>Disputationes</span> <span class='ocrx_word' id='word_1_31' title='bbox 1750 415 1847 474; x_wconf 76' lang='lat' dir='ltr'>[sic]</span> 
     </span>
     <span class='ocr_line' id='line_1_5' title="bbox 229 473 1848 529; baseline 0 -12"><span class='ocrx_word' id='word_1_32' title='bbox 229 474 491 529; x_wconf 82' lang='lat' dir='ltr'>theologicis</span> <span class='ocrx_word' id='word_1_33' title='bbox 514 480 749 528; x_wconf 83' lang='lat' dir='ltr'>praeerant</span> <span class='ocrx_word' id='word_1_34' title='bbox 769 474 820 515; x_wconf 88' lang='lat' dir='ltr'>R.</span> <span class='ocrx_word' id='word_1_35' title='bbox 845 475 895 515; x_wconf 87' lang='grc' dir='ltr'>Ρ.</span> <span class='ocrx_word' id='word_1_36' title='bbox 919 474 1136 525; x_wconf 86' lang='lat' dir='ltr'>Olaueus,</span> <span class='ocrx_word' id='word_1_37' title='bbox 1157 475 1209 516; x_wconf 90' lang='lat' dir='ltr'>R.</span> <span class='ocrx_word' id='word_1_38' title='bbox 1236 474 1288 515; x_wconf 91' lang='lat' dir='ltr'>P.</span> <span class='ocrx_word' id='word_1_39' title='bbox 1312 473 1547 515; x_wconf 89' lang='lat' dir='ltr'>Andraeas</span> <span class='ocrx_word' id='word_1_40' title='bbox 1567 473 1786 515; x_wconf 88' lang='lat' dir='ltr'>Phrusius</span> <span class='ocrx_word' id='word_1_41' title='bbox 1805 483 1848 517; x_wconf 88' lang='lat' dir='ltr'>et</span> 
     </span>
     <span class='ocr_line' id='line_1_6' title="bbox 230 531 1714 587; baseline -0.003 -10"><span class='ocrx_word' id='word_1_42' title='bbox 230 536 284 577; x_wconf 89' lang='lat' dir='ltr'>R.</span> <span class='ocrx_word' id='word_1_43' title='bbox 306 535 357 576; x_wconf 87' lang='lat' dir='ltr'>P.</span> <span class='ocrx_word' id='word_1_44' title='bbox 380 535 570 575; x_wconf 87' lang='lat' dir='ltr'>Ioannes</span> <span class='ocrx_word' id='word_1_45' title='bbox 591 532 818 574; x_wconf 89' lang='lat' dir='ltr'>Cuuillon.</span> <span class='ocrx_word' id='word_1_46' title='bbox 843 531 1171 587; x_wconf 77' lang='lat' dir='ltr'>philosophicis</span> <span class='ocrx_word' id='word_1_47' title='bbox 1193 546 1300 574; x_wconf 90' lang='lat' dir='ltr'>vero</span> <span class='ocrx_word' id='word_1_48' title='bbox 1323 533 1377 576; x_wconf 90' lang='lat' dir='ltr'>R.</span> <span class='ocrx_word' id='word_1_49' title='bbox 1407 534 1456 574; x_wconf 91' lang='lat' dir='ltr'>P.</span> <span class='ocrx_word' id='word_1_50' title='bbox 1484 534 1714 587; x_wconf 88' lang='lat' dir='ltr'>Montoya.</span> 
     </span>
    </p>

    <p class='ocr_par' dir='ltr' id='par_1_3' title="bbox 228 590 1849 821">
     <span class='ocr_line' id='line_1_7' title="bbox 323 590 1846 642; baseline -0.001 -8"><span class='ocrx_word' id='word_1_51' title='bbox 323 592 373 634; x_wconf 85' lang='lat'>16</span> <span class='ocrx_word' id='word_1_52' title='bbox 396 590 666 634; x_wconf 89' lang='lat' dir='ltr'>Nouembris</span> <span class='ocrx_word' id='word_1_53' title='bbox 687 591 858 633; x_wconf 82' lang='lat' dir='ltr'>litteras</span> <span class='ocrx_word' id='word_1_54' title='bbox 880 591 1135 633; x_wconf 88' lang='lat' dir='ltr'>audiuimus</span> <span class='ocrx_word' id='word_1_55' title='bbox 1158 591 1213 632; x_wconf 90' lang='lat' dir='ltr'>ab</span> <span class='ocrx_word' id='word_1_56' title='bbox 1236 590 1537 632; x_wconf 90' lang='lat' dir='ltr'>illustrissimo</span> <span class='ocrx_word' id='word_1_57' title='bbox 1561 605 1846 642; x_wconf 79' lang='lat' dir='ltr'>romanorum</span> 
     </span>
     <span class='ocr_line' id='line_1_8' title="bbox 229 647 1848 705; baseline -0.001 -12"><span class='ocrx_word' id='word_1_58' title='bbox 229 664 338 705; x_wconf 86' lang='lat' dir='ltr'>rege</span> <span class='ocrx_word' id='word_1_59' title='bbox 360 649 644 693; x_wconf 89' lang='lat' dir='ltr'>Ferdinando</span> <span class='ocrx_word' id='word_1_60' title='bbox 669 650 723 691; x_wconf 92' lang='lat' dir='ltr'>ad</span> <span class='ocrx_word' id='word_1_61' title='bbox 744 651 794 692; x_wconf 94' lang='lat' dir='ltr'>R.</span> <span class='ocrx_word' id='word_1_62' title='bbox 824 651 876 691; x_wconf 94' lang='lat' dir='ltr'>P.</span> <span class='ocrx_word' id='word_1_63' title='bbox 902 657 1105 691; x_wconf 90' lang='lat' dir='ltr'>nostrum</span> <span class='ocrx_word' id='word_1_64' title='bbox 1128 647 1368 704; x_wconf 90' lang='lat' dir='ltr'>Ignatium,</span> <span class='ocrx_word' id='word_1_65' title='bbox 1394 649 1557 703; x_wconf 89' lang='lat' dir='ltr'>quibus</span> <span class='ocrx_word' id='word_1_66' title='bbox 1579 650 1848 704; x_wconf 84' lang='lat' dir='ltr'>exposcebat</span> 
     </span>
     <span class='ocr_line' id='line_1_9' title="bbox 229 707 1849 763; baseline 0 -12"><span class='ocrx_word' id='word_1_67' title='bbox 229 709 467 752; x_wconf 89' lang='lat' dir='ltr'>duodecim</span> <span class='ocrx_word' id='word_1_68' title='bbox 491 709 650 751; x_wconf 89' lang='lat' dir='ltr'>fratres</span> <span class='ocrx_word' id='word_1_69' title='bbox 667 708 904 751; x_wconf 89' lang='lat' dir='ltr'>Societatis</span> <span class='ocrx_word' id='word_1_70' title='bbox 924 723 1002 763; x_wconf 91' lang='lat' dir='ltr'>pro</span> <span class='ocrx_word' id='word_1_71' title='bbox 1025 723 1106 751; x_wconf 91' lang='lat' dir='ltr'>sua</span> <span class='ocrx_word' id='word_1_72' title='bbox 1132 710 1279 763; x_wconf 89' lang='lat' dir='ltr'>Praga</span> <span class='ocrx_word' id='word_1_73' title='bbox 1302 707 1583 759; x_wconf 89' lang='lat' dir='ltr'>bohaemica,</span> <span class='ocrx_word' id='word_1_74' title='bbox 1605 709 1720 751; x_wconf 90' lang='lat' dir='ltr'>inter</span> <span class='ocrx_word' id='word_1_75' title='bbox 1739 723 1849 762; x_wconf 91' lang='lat' dir='ltr'>quos</span> 
     </span>
     <span class='ocr_line' id='line_1_10' title="bbox 228 767 1091 821; baseline -0.001 -10"><span class='ocrx_word' id='word_1_76' title='bbox 228 775 377 811; x_wconf 90' lang='lat' dir='ltr'>essent</span> <span class='ocrx_word' id='word_1_77' title='bbox 400 768 491 809; x_wconf 91' lang='lat' dir='ltr'>duo</span> <span class='ocrx_word' id='word_1_78' title='bbox 515 767 775 821; x_wconf 84' lang='lat' dir='ltr'>theologiae</span> <span class='ocrx_word' id='word_1_79' title='bbox 799 768 1091 821; x_wconf 79' lang='lat' dir='ltr'>professores,</span> 
     </span>
    </p>

    <p class='ocr_par' dir='ltr' id='par_1_4' title="bbox 223 824 1850 1410">
     <span class='ocr_line' id='line_1_11' title="bbox 315 824 1848 878; baseline 0 -10"><span class='ocrx_word' id='word_1_80' title='bbox 315 827 371 868; x_wconf 83' lang='lat'>26</span> <span class='ocrx_word' id='word_1_81' title='bbox 394 825 665 868; x_wconf 89' lang='lat' dir='ltr'>Nouembris</span> <span class='ocrx_word' id='word_1_82' title='bbox 688 825 796 868; x_wconf 92' lang='lat' dir='ltr'>abiit</span> <span class='ocrx_word' id='word_1_83' title='bbox 815 827 1027 869; x_wconf 89' lang='lat' dir='ltr'>Loretum</span> <span class='ocrx_word' id='word_1_84' title='bbox 1048 828 1100 868; x_wconf 87' lang='lat' dir='ltr'>R.</span> <span class='ocrx_word' id='word_1_85' title='bbox 1125 828 1175 868; x_wconf 91' lang='lat' dir='ltr'>P.</span> <span class='ocrx_word' id='word_1_86' title='bbox 1199 824 1431 868; x_wconf 89' lang='lat' dir='ltr'>Oliuerius</span> <span class='ocrx_word' id='word_1_87' title='bbox 1449 839 1536 867; x_wconf 92' lang='lat' dir='ltr'>vna</span> <span class='ocrx_word' id='word_1_88' title='bbox 1554 839 1656 867; x_wconf 88' lang='lat' dir='ltr'>cum</span> <span class='ocrx_word' id='word_1_89' title='bbox 1686 837 1734 878; x_wconf 87' lang='lat'>13</span> <span class='ocrx_word' id='word_1_90' title='bbox 1753 825 1848 868; x_wconf 88' lang='lat' dir='ltr'>aliis</span> 
     </span>
     <span class='ocr_line' id='line_1_12' title="bbox 226 884 1845 939; baseline -0.001 -13"><span class='ocrx_word' id='word_1_91' title='bbox 226 885 454 937; x_wconf 88' lang='lat' dir='ltr'>fratribus,</span> <span class='ocrx_word' id='word_1_92' title='bbox 482 899 602 926; x_wconf 91' lang='lat' dir='ltr'>nouo</span> <span class='ocrx_word' id='word_1_93' title='bbox 624 884 686 926; x_wconf 93' lang='lat' dir='ltr'>ibi</span> <span class='ocrx_word' id='word_1_94' title='bbox 715 885 908 939; x_wconf 87' lang='lat' dir='ltr'>collegio</span> <span class='ocrx_word' id='word_1_95' title='bbox 935 885 1110 926; x_wconf 90' lang='lat' dir='ltr'>initium</span> <span class='ocrx_word' id='word_1_96' title='bbox 1144 884 1347 928; x_wconf 81' lang='lat' dir='ltr'>daturus.</span> <span class='ocrx_word' id='word_1_97' title='bbox 1380 885 1519 926; x_wconf 88' lang='lat' dir='ltr'>Erant</span> <span class='ocrx_word' id='word_1_98' title='bbox 1549 884 1620 925; x_wconf 90' lang='lat' dir='ltr'>alii</span> <span class='ocrx_word' id='word_1_99' title='bbox 1653 885 1714 926; x_wconf 93' lang='lat' dir='ltr'>M.</span> <span class='ocrx_word' id='word_1_100' title='bbox 1742 885 1845 925; x_wconf 91' lang='lat' dir='ltr'>Cor-</span> 
     </span>
     <span class='ocr_line' id='line_1_13' title="bbox 228 942 1848 998; baseline -0.001 -13"><span class='ocrx_word' id='word_1_101' title='bbox 228 944 372 987; x_wconf 89' lang='lat' dir='ltr'>nelius</span> <span class='ocrx_word' id='word_1_102' title='bbox 396 944 767 995; x_wconf 82' lang='lat' dir='ltr'>Brueckelmans,</span> <span class='ocrx_word' id='word_1_103' title='bbox 792 944 982 986; x_wconf 86' lang='lat' dir='ltr'>Ioannes</span> <span class='ocrx_word' id='word_1_104' title='bbox 1016 945 1277 998; x_wconf 89' lang='lat' dir='ltr'>Mortange‚</span> <span class='ocrx_word' id='word_1_105' title='bbox 1311 943 1509 997; x_wconf 74' lang='lat' dir='ltr'>Raphael</span> <span class='ocrx_word' id='word_1_106' title='bbox 1540 942 1692 994; x_wconf 89' lang='lat' dir='ltr'>Riera,</span> <span class='ocrx_word' id='word_1_107' title='bbox 1734 943 1848 985; x_wconf 89' lang='lat' dir='ltr'>Lau-</span> 
     </span>
     <span class='ocr_line' id='line_1_14' title="bbox 227 1001 1846 1057; baseline -0.001 -13"><span class='ocrx_word' id='word_1_108' title='bbox 227 1003 413 1057; x_wconf 87' lang='lat' dir='ltr'>rentius,</span> <span class='ocrx_word' id='word_1_109' title='bbox 439 1002 669 1045; x_wconf 89' lang='lat' dir='ltr'>Gerardus</span> <span class='ocrx_word' id='word_1_110' title='bbox 686 1002 934 1052; x_wconf 86' lang='lat' dir='ltr'>wertensis,</span> <span class='ocrx_word' id='word_1_111' title='bbox 957 1003 1192 1044; x_wconf 87' lang='lat' dir='ltr'>Andraeas</span> <span class='ocrx_word' id='word_1_112' title='bbox 1210 1001 1466 1051; x_wconf 87' lang='lat' dir='ltr'>leodiensis,</span> <span class='ocrx_word' id='word_1_113' title='bbox 1491 1001 1723 1056; x_wconf 85' lang='lat' dir='ltr'>Philippus</span> <span class='ocrx_word' id='word_1_114' title='bbox 1740 1015 1846 1055; x_wconf 84' lang='lat' dir='ltr'>gan-</span> 
     </span>
     <span class='ocr_line' id='line_1_15' title="bbox 225 1060 1846 1116; baseline 0 -13"><span class='ocrx_word' id='word_1_115' title='bbox 225 1062 400 1113; x_wconf 89' lang='lat' dir='ltr'>densis,</span> <span class='ocrx_word' id='word_1_116' title='bbox 427 1062 689 1116; x_wconf 85' lang='lat' dir='ltr'>Alphonsus</span> <span class='ocrx_word' id='word_1_117' title='bbox 723 1061 875 1116; x_wconf 86' lang='lat' dir='ltr'>Vilgia</span> <span class='ocrx_word' id='word_1_118' title='bbox 898 1062 1022 1103; x_wconf 93' lang='lat' dir='ltr'>Loue</span> <span class='ocrx_word' id='word_1_119' title='bbox 1045 1067 1061 1086; x_wconf 78' lang='lat'><em>0</em></span> <span class='ocrx_word' id='word_1_120' title='bbox 1077 1060 1108 1112; x_wconf 72' lang='lat'>³,</span> <span class='ocrx_word' id='word_1_121' title='bbox 1135 1061 1368 1115; x_wconf 89' lang='lat' dir='ltr'>Gasparus</span> <span class='ocrx_word' id='word_1_122' title='bbox 1392 1060 1637 1110; x_wconf 86' lang='lat' dir='ltr'>lusitanus,</span> <span class='ocrx_word' id='word_1_123' title='bbox 1663 1060 1846 1103; x_wconf 88' lang='lat' dir='ltr'>Guiliel·</span> 
     </span>
     <span class='ocr_line' id='line_1_16' title="bbox 226 1119 1850 1174; baseline -0.001 -13"><span class='ocrx_word' id='word_1_124' title='bbox 226 1134 324 1161; x_wconf 92' lang='lat' dir='ltr'>mus</span> <span class='ocrx_word' id='word_1_125' title='bbox 362 1120 705 1174; x_wconf 89' lang='lat' dir='ltr'>antuerpianus,</span> <span class='ocrx_word' id='word_1_126' title='bbox 747 1121 937 1162; x_wconf 90' lang='lat' dir='ltr'>Iacobus</span> <span class='ocrx_word' id='word_1_127' title='bbox 975 1120 1162 1161; x_wconf 87' lang='lat' dir='ltr'>Tilanus</span> <span class='ocrx_word' id='word_1_128' title='bbox 1200 1127 1245 1163; x_wconf 94' lang='lat' dir='ltr'>et</span> <span class='ocrx_word' id='word_1_129' title='bbox 1277 1121 1366 1161; x_wconf 90' lang='lat' dir='ltr'>duo</span> <span class='ocrx_word' id='word_1_130' title='bbox 1400 1119 1488 1160; x_wconf 89' lang='lat' dir='ltr'>alii.</span> <span class='ocrx_word' id='word_1_131' title='bbox 1522 1120 1717 1162; x_wconf 88' lang='lat' dir='ltr'>Rexerat</span> <span class='ocrx_word' id='word_1_132' title='bbox 1745 1133 1850 1160; x_wconf 90' lang='lat' dir='ltr'>vero</span> 
     </span>
     <span class='ocr_line' id='line_1_17' title="bbox 223 1177 1848 1233; baseline 0 -13"><span class='ocrx_word' id='word_1_133' title='bbox 223 1179 378 1220; x_wconf 86' lang='lat' dir='ltr'>multis</span> <span class='ocrx_word' id='word_1_134' title='bbox 421 1178 651 1221; x_wconf 90' lang='lat' dir='ltr'>mensibus</span> <span class='ocrx_word' id='word_1_135' title='bbox 689 1179 930 1233; x_wconf 86' lang='lat' dir='ltr'>collegium</span> <span class='ocrx_word' id='word_1_136' title='bbox 975 1187 1179 1220; x_wconf 89' lang='lat' dir='ltr'>nostrum</span> <span class='ocrx_word' id='word_1_137' title='bbox 1224 1191 1459 1219; x_wconf 90' lang='lat' dir='ltr'>romanum</span> <span class='ocrx_word' id='word_1_138' title='bbox 1503 1177 1848 1232; x_wconf 85' lang='lat' dir='ltr'>prudentissime</span> 
     </span>
     <span class='ocr_line' id='line_1_18' title="bbox 225 1236 1843 1291; baseline -0.001 -11"><span class='ocrx_word' id='word_1_139' title='bbox 225 1239 279 1280; x_wconf 92' lang='lat' dir='ltr'>R.</span> <span class='ocrx_word' id='word_1_140' title='bbox 315 1239 365 1280; x_wconf 92' lang='lat' dir='ltr'>P.</span> <span class='ocrx_word' id='word_1_141' title='bbox 400 1237 653 1288; x_wconf 91' lang='lat' dir='ltr'>Oliuerius‚</span> <span class='ocrx_word' id='word_1_142' title='bbox 680 1248 815 1291; x_wconf 87' lang='lat' dir='ltr'>atque</span> <span class='ocrx_word' id='word_1_143' title='bbox 843 1238 955 1279; x_wconf 91' lang='lat' dir='ltr'>adeo</span> <span class='ocrx_word' id='word_1_144' title='bbox 983 1251 1091 1280; x_wconf 92' lang='lat' dir='ltr'>sane</span> <span class='ocrx_word' id='word_1_145' title='bbox 1120 1244 1168 1278; x_wconf 93' lang='lat' dir='ltr'>vt</span> <span class='ocrx_word' id='word_1_146' title='bbox 1198 1252 1288 1278; x_wconf 94' lang='lat' dir='ltr'>non</span> <span class='ocrx_word' id='word_1_147' title='bbox 1318 1236 1558 1278; x_wconf 88' lang='lat' dir='ltr'>dimisisset</span> <span class='ocrx_word' id='word_1_148' title='bbox 1581 1251 1683 1278; x_wconf 92' lang='lat' dir='ltr'>eum</span> <span class='ocrx_word' id='word_1_149' title='bbox 1714 1237 1767 1278; x_wconf 90' lang='lat' dir='ltr'>R.</span> <span class='ocrx_word' id='word_1_150' title='bbox 1796 1238 1843 1279; x_wconf 91' lang='lat' dir='ltr'>P.</span> 
     </span>
     <span class='ocr_line' id='line_1_19' title="bbox 229 1294 1848 1350; baseline -0.002 -11"><span class='ocrx_word' id='word_1_151' title='bbox 229 1297 430 1340; x_wconf 90' lang='lat' dir='ltr'>Olaueus</span> <span class='ocrx_word' id='word_1_152' title='bbox 463 1297 547 1339; x_wconf 90' lang='lat' dir='ltr'>nisi</span> <span class='ocrx_word' id='word_1_153' title='bbox 570 1296 615 1337; x_wconf 92' lang='lat' dir='ltr'>in</span> <span class='ocrx_word' id='word_1_154' title='bbox 638 1297 787 1338; x_wconf 89' lang='lat' dir='ltr'>locum</span> <span class='ocrx_word' id='word_1_155' title='bbox 810 1296 907 1338; x_wconf 92' lang='lat' dir='ltr'>eius</span> <span class='ocrx_word' id='word_1_156' title='bbox 935 1296 1225 1339; x_wconf 89' lang='lat' dir='ltr'>successisset</span> <span class='ocrx_word' id='word_1_157' title='bbox 1250 1298 1302 1338; x_wconf 87' lang='lat' dir='ltr'>R.</span> <span class='ocrx_word' id='word_1_158' title='bbox 1338 1297 1387 1338; x_wconf 89' lang='lat' dir='ltr'>P.</span> <span class='ocrx_word' id='word_1_159' title='bbox 1422 1295 1740 1350; x_wconf 87' lang='lat' dir='ltr'>Sebastianus,</span> <span class='ocrx_word' id='word_1_160' title='bbox 1776 1294 1848 1348; x_wconf 82' lang='lat' dir='ltr'>qui</span> 
     </span>
     <span class='ocr_line' id='line_1_20' title="bbox 230 1355 1531 1410; baseline 0.001 -13"><span class='ocrx_word' id='word_1_161' title='bbox 230 1355 409 1397; x_wconf 89' lang='lat' dir='ltr'>minime</span> <span class='ocrx_word' id='word_1_162' title='bbox 434 1370 510 1410; x_wconf 88' lang='lat' dir='ltr'>per</span> <span class='ocrx_word' id='word_1_163' title='bbox 533 1355 615 1397; x_wconf 92' lang='lat' dir='ltr'>Dei</span> <span class='ocrx_word' id='word_1_164' title='bbox 638 1355 828 1410; x_wconf 87' lang='lat' dir='ltr'>gratiam</span> <span class='ocrx_word' id='word_1_165' title='bbox 852 1355 1035 1397; x_wconf 88' lang='lat' dir='ltr'>inferior</span> <span class='ocrx_word' id='word_1_166' title='bbox 1058 1363 1126 1398; x_wconf 90' lang='lat' dir='ltr'>est</span> <span class='ocrx_word' id='word_1_167' title='bbox 1149 1356 1192 1396; x_wconf 90' lang='lat' dir='ltr'>in</span> <span class='ocrx_word' id='word_1_168' title='bbox 1217 1357 1302 1396; x_wconf 91' lang='lat' dir='ltr'>hoc</span> <span class='ocrx_word' id='word_1_169' title='bbox 1327 1368 1531 1398; x_wconf 90' lang='lat' dir='ltr'>munere.</span> 
     </span>
    </p>

    <p class='ocr_par' dir='ltr' id='par_1_5' title="bbox 225 1413 1846 1822">
     <span class='ocr_line' id='line_1_21' title="bbox 324 1413 1845 1467; baseline -0.003 -11"><span class='ocrx_word' id='word_1_170' title='bbox 324 1426 374 1467; x_wconf 82' lang='lat'>14</span> <span class='ocrx_word' id='word_1_171' title='bbox 402 1414 665 1457; x_wconf 82' lang='lat' dir='ltr'>Decembris</span> <span class='ocrx_word' id='word_1_172' title='bbox 692 1414 985 1457; x_wconf 88' lang='lat' dir='ltr'>laetissimum</span> <span class='ocrx_word' id='word_1_173' title='bbox 1016 1414 1197 1456; x_wconf 92' lang='lat' dir='ltr'>allatum</span> <span class='ocrx_word' id='word_1_174' title='bbox 1228 1421 1297 1455; x_wconf 90' lang='lat' dir='ltr'>est</span> <span class='ocrx_word' id='word_1_175' title='bbox 1327 1413 1535 1455; x_wconf 91' lang='lat' dir='ltr'>nuntium</span> <span class='ocrx_word' id='word_1_176' title='bbox 1563 1413 1619 1454; x_wconf 94' lang='lat' dir='ltr'>ad</span> <span class='ocrx_word' id='word_1_177' title='bbox 1642 1419 1845 1454; x_wconf 87' lang='lat' dir='ltr'>sanctum</span> 
     </span>
     <span class='ocr_line' id='line_1_22' title="bbox 227 1471 1846 1529; baseline -0.001 -15"><span class='ocrx_word' id='word_1_178' title='bbox 227 1487 386 1527; x_wconf 89' lang='lat' dir='ltr'>papam</span> <span class='ocrx_word' id='word_1_179' title='bbox 412 1474 586 1515; x_wconf 83' lang='lat' dir='ltr'>Iulium:</span> <span class='ocrx_word' id='word_1_180' title='bbox 611 1480 748 1515; x_wconf 90' lang='lat' dir='ltr'>totam</span> <span class='ocrx_word' id='word_1_181' title='bbox 774 1473 986 1529; x_wconf 90' lang='lat' dir='ltr'>Angliam</span> <span class='ocrx_word' id='word_1_182' title='bbox 1011 1473 1227 1516; x_wconf 91' lang='lat' dir='ltr'>ecclesiae</span> <span class='ocrx_word' id='word_1_183' title='bbox 1251 1480 1433 1514; x_wconf 89' lang='lat' dir='ltr'>sanctae</span> <span class='ocrx_word' id='word_1_184' title='bbox 1456 1471 1629 1527; x_wconf 87' lang='lat' dir='ltr'>gremio</span> <span class='ocrx_word' id='word_1_185' title='bbox 1652 1484 1751 1513; x_wconf 91' lang='lat' dir='ltr'>sese</span> <span class='ocrx_word' id='word_1_186' title='bbox 1773 1471 1846 1513; x_wconf 82' lang='lat' dir='ltr'>de-</span> 
     </span>
     <span class='ocr_line' id='line_1_23' title="bbox 225 1530 1846 1588; baseline -0.001 -16"><span class='ocrx_word' id='word_1_187' title='bbox 225 1532 346 1575; x_wconf 88' lang='lat' dir='ltr'>dere.</span> <span class='ocrx_word' id='word_1_188' title='bbox 375 1533 529 1586; x_wconf 75' lang='lat' dir='ltr'>Quare</span> <span class='ocrx_word' id='word_1_189' title='bbox 557 1539 601 1573; x_wconf 93' lang='lat' dir='ltr'>et</span> <span class='ocrx_word' id='word_1_190' title='bbox 626 1532 850 1586; x_wconf 87' lang='lat' dir='ltr'>plenariae</span> <span class='ocrx_word' id='word_1_191' title='bbox 874 1531 1183 1588; x_wconf 89' lang='lat' dir='ltr'>indulgentiae</span> <span class='ocrx_word' id='word_1_192' title='bbox 1205 1545 1448 1574; x_wconf 90' lang='lat' dir='ltr'>concessae</span> <span class='ocrx_word' id='word_1_193' title='bbox 1471 1537 1576 1573; x_wconf 90' lang='lat' dir='ltr'>sunt</span> <span class='ocrx_word' id='word_1_194' title='bbox 1598 1530 1642 1571; x_wconf 92' lang='lat' dir='ltr'>in</span> <span class='ocrx_word' id='word_1_195' title='bbox 1666 1531 1846 1571; x_wconf 88' lang='lat' dir='ltr'>modum</span> 
     </span>
     <span class='ocr_line' id='line_1_24' title="bbox 225 1589 1845 1634; baseline -0.001 -3"><span class='ocrx_word' id='word_1_196' title='bbox 225 1590 379 1633; x_wconf 79' lang='lat' dir='ltr'>iubilei</span> <span class='ocrx_word' id='word_1_197' title='bbox 404 1592 533 1633; x_wconf 88' lang='lat' dir='ltr'>valde</span> <span class='ocrx_word' id='word_1_198' title='bbox 563 1591 801 1634; x_wconf 89' lang='lat' dir='ltr'>solemnes.</span> <span class='ocrx_word' id='word_1_199' title='bbox 836 1591 1003 1633; x_wconf 89' lang='lat' dir='ltr'>luimus</span> <span class='ocrx_word' id='word_1_200' title='bbox 1027 1598 1177 1632; x_wconf 91' lang='lat' dir='ltr'>autem</span> <span class='ocrx_word' id='word_1_201' title='bbox 1209 1605 1291 1632; x_wconf 93' lang='lat' dir='ltr'>nos</span> <span class='ocrx_word' id='word_1_202' title='bbox 1314 1604 1471 1632; x_wconf 91' lang='lat' dir='ltr'>omnes</span> <span class='ocrx_word' id='word_1_203' title='bbox 1494 1589 1586 1631; x_wconf 90' lang='lat' dir='ltr'>bini</span> <span class='ocrx_word' id='word_1_204' title='bbox 1611 1590 1666 1630; x_wconf 89' lang='lat' dir='ltr'>ad</span> <span class='ocrx_word' id='word_1_205' title='bbox 1689 1589 1738 1632; x_wconf 90' lang='lat' dir='ltr'>S.</span> <span class='ocrx_word' id='word_1_206' title='bbox 1768 1590 1845 1630; x_wconf 89' lang='lat' dir='ltr'>Pe-</span> 
     </span>
     <span class='ocr_line' id='line_1_25' title="bbox 228 1648 1842 1708; baseline -0.001 -18"><span class='ocrx_word' id='word_1_207' title='bbox 228 1656 344 1690; x_wconf 92' lang='lat' dir='ltr'>trum</span> <span class='ocrx_word' id='word_1_208' title='bbox 382 1650 480 1704; x_wconf 91' lang='lat' dir='ltr'>ipso</span> <span class='ocrx_word' id='word_1_209' title='bbox 508 1651 556 1693; x_wconf 89' lang='lat' dir='ltr'><strong>S.</strong></span> <span class='ocrx_word' id='word_1_210' title='bbox 590 1651 802 1693; x_wconf 89' lang='lat' dir='ltr'>Andreae</span> <span class='ocrx_word' id='word_1_211' title='bbox 830 1649 952 1708; x_wconf 89' lang='lat' dir='ltr'>[die?]</span> <span class='ocrx_word' id='word_1_212' title='bbox 982 1650 1359 1704; x_wconf 90' lang='lat' dir='ltr'>quemadmodum</span> <span class='ocrx_word' id='word_1_213' title='bbox 1391 1649 1446 1690; x_wconf 92' lang='lat' dir='ltr'>ad</span> <span class='ocrx_word' id='word_1_214' title='bbox 1476 1648 1693 1702; x_wconf 89' lang='lat' dir='ltr'>templum</span> <span class='ocrx_word' id='word_1_215' title='bbox 1723 1661 1842 1689; x_wconf 87' lang='lat' dir='ltr'>acce-</span> 
     </span>
     <span class='ocr_line' id='line_1_26' title="bbox 227 1707 1845 1764; baseline -0.002 -14"><span class='ocrx_word' id='word_1_216' title='bbox 227 1708 332 1750; x_wconf 90' lang='lat' dir='ltr'>dere</span> <span class='ocrx_word' id='word_1_217' title='bbox 357 1710 568 1752; x_wconf 89' lang='lat' dir='ltr'>solemus.</span> <span class='ocrx_word' id='word_1_218' title='bbox 601 1711 785 1751; x_wconf 87' lang='lat' dir='ltr'>luerunt</span> <span class='ocrx_word' id='word_1_219' title='bbox 813 1709 947 1750; x_wconf 90' lang='lat' dir='ltr'>etiam</span> <span class='ocrx_word' id='word_1_220' title='bbox 977 1708 1203 1764; x_wconf 91' lang='lat' dir='ltr'>germani,</span> <span class='ocrx_word' id='word_1_221' title='bbox 1236 1722 1320 1750; x_wconf 91' lang='lat' dir='ltr'>suo</span> <span class='ocrx_word' id='word_1_222' title='bbox 1350 1707 1522 1759; x_wconf 86' lang='lat' dir='ltr'>ordine,</span> <span class='ocrx_word' id='word_1_223' title='bbox 1549 1720 1651 1748; x_wconf 90' lang='lat' dir='ltr'>curn</span> <span class='ocrx_word' id='word_1_224' title='bbox 1683 1719 1845 1760; x_wconf 88' lang='lat' dir='ltr'>magno</span> 
     </span>
     <span class='ocr_line' id='line_1_27' title="bbox 227 1767 981 1822; baseline 0 -13"><span class='ocrx_word' id='word_1_225' title='bbox 227 1767 378 1822; x_wconf 89' lang='lat' dir='ltr'>populi</span> <span class='ocrx_word' id='word_1_226' title='bbox 400 1775 583 1821; x_wconf 91' lang='lat' dir='ltr'>stupore</span> <span class='ocrx_word' id='word_1_227' title='bbox 605 1776 648 1810; x_wconf 84' lang='lat' dir='ltr'>et</span> <span class='ocrx_word' id='word_1_228' title='bbox 671 1768 981 1810; x_wconf 89' lang='lat' dir='ltr'>admiratione.</span> 
     </span>
    </p>

    <p class='ocr_par' dir='ltr' id='par_1_6' title="bbox 226 1826 1845 1999">
     <span class='ocr_line' id='line_1_28' title="bbox 317 1826 1844 1881; baseline -0.002 -14"><span class='ocrx_word' id='word_1_229' title='bbox 317 1838 371 1881; x_wconf 79' lang='lat'>29</span> <span class='ocrx_word' id='word_1_230' title='bbox 393 1826 527 1868; x_wconf 92' lang='lat' dir='ltr'>huius</span> <span class='ocrx_word' id='word_1_231' title='bbox 555 1834 777 1869; x_wconf 89' lang='lat' dir='ltr'>venerunt</span> <span class='ocrx_word' id='word_1_232' title='bbox 800 1827 854 1868; x_wconf 86' lang='lat' dir='ltr'>ad</span> <span class='ocrx_word' id='word_1_233' title='bbox 884 1826 1124 1881; x_wconf 89' lang='lat' dir='ltr'>collegium</span> <span class='ocrx_word' id='word_1_234' title='bbox 1155 1827 1207 1868; x_wconf 92' lang='lat' dir='ltr'>R.</span> <span class='ocrx_word' id='word_1_235' title='bbox 1243 1827 1292 1867; x_wconf 92' lang='lat' dir='ltr'><strong>P.</strong></span> <span class='ocrx_word' id='word_1_236' title='bbox 1320 1827 1539 1875; x_wconf 88' lang='lat' dir='ltr'>Thomas,</span> <span class='ocrx_word' id='word_1_237' title='bbox 1567 1837 1844 1875; x_wconf 82' lang='lat' dir='ltr'>neomagen-</span> 
     </span>
     <span class='ocr_line' id='line_1_29' title="bbox 226 1883 1845 1939; baseline -0.002 -13"><span class='ocrx_word' id='word_1_238' title='bbox 226 1884 303 1939; x_wconf 86' lang='lat' dir='ltr'>sis,</span> <span class='ocrx_word' id='word_1_239' title='bbox 332 1887 390 1927; x_wconf 90' lang='lat' dir='ltr'><strong>M.</strong></span> <span class='ocrx_word' id='word_1_240' title='bbox 419 1886 728 1928; x_wconf 90' lang='lat' dir='ltr'>Theodoricus</span> <span class='ocrx_word' id='word_1_241' title='bbox 745 1886 970 1939; x_wconf 87' lang='lat' dir='ltr'>Canisius,</span> <span class='ocrx_word' id='word_1_242' title='bbox 992 1885 1266 1928; x_wconf 85' lang='lat' dir='ltr'>Lodowicus</span> <span class='ocrx_word' id='word_1_243' title='bbox 1283 1883 1542 1935; x_wconf 91' lang='lat' dir='ltr'>leodiensis,</span> <span class='ocrx_word' id='word_1_244' title='bbox 1563 1884 1751 1924; x_wconf 88' lang='lat' dir='ltr'>Ioannes</span> <span class='ocrx_word' id='word_1_245' title='bbox 1768 1883 1845 1923; x_wconf 85' lang='lat' dir='ltr'>fio-</span> 
     </span>
     <span class='ocr_line' id='line_1_30' title="bbox 228 1943 1500 1999; baseline 0.001 -15"><span class='ocrx_word' id='word_1_246' title='bbox 228 1944 446 1994; x_wconf 90' lang='lat' dir='ltr'>rentinus,</span> <span class='ocrx_word' id='word_1_247' title='bbox 472 1945 659 1986; x_wconf 91' lang='lat' dir='ltr'>Iacobus</span> <span class='ocrx_word' id='word_1_248' title='bbox 683 1945 996 1999; x_wconf 86' lang='lat' dir='ltr'>neapolitanus</span> <span class='ocrx_word' id='word_1_249' title='bbox 1019 1952 1062 1986; x_wconf 91' lang='lat' dir='ltr'>et</span> <span class='ocrx_word' id='word_1_250' title='bbox 1086 1944 1255 1987; x_wconf 89' lang='lat' dir='ltr'>Marius</span> <span class='ocrx_word' id='word_1_251' title='bbox 1277 1943 1500 1987; x_wconf 88' lang='lat' dir='ltr'>senensis.</span> 
     </span>
    </p>
   </div>
   <div class='ocr_carea' id='block_1_3' title="bbox 964 2067 1114 2124">
    <p class='ocr_par' dir='ltr' id='par_1_7' title="bbox 964 2067 1114 2124">
     <span class='ocr_line' id='line_1_31' title="bbox 964 2067 1114 2124; baseline 0 0"><span class='ocrx_word' id='word_1_252' title='bbox 964 2067 1114 2124; x_wconf 78' lang='lat'>[1555]</span> 
     </span>
    </p>
   </div>
   <div class='ocr_carea' id='block_1_4' title="bbox 228 2175 1891 2646">
    <p class='ocr_par' dir='ltr' id='par_1_8' title="bbox 228 2175 1891 2340">
     <span class='ocr_line' id='line_1_32' title="bbox 315 2175 1891 2235; baseline -0.004 -14"><span class='ocrx_word' id='word_1_253' title='bbox 315 2180 450 2221; x_wconf 83' lang='lat' dir='ltr'>Anno</span> <span class='ocrx_word' id='word_1_254' title='bbox 489 2190 595 2233; x_wconf 84' lang='lat'>1555</span> <span class='ocrx_word' id='word_1_255' title='bbox 633 2180 773 2235; x_wconf 88' lang='lat' dir='ltr'>primo</span> <span class='ocrx_word' id='word_1_256' title='bbox 810 2181 882 2223; x_wconf 91' lang='lat' dir='ltr'>die</span> <span class='ocrx_word' id='word_1_257' title='bbox 919 2180 1023 2222; x_wconf 91' lang='lat' dir='ltr'>anni</span> <span class='ocrx_word' id='word_1_258' title='bbox 1056 2179 1318 2221; x_wconf 87' lang='lat' dir='ltr'>concionari</span> <span class='ocrx_word' id='word_1_259' title='bbox 1357 2177 1589 2232; x_wconf 87' lang='lat' dir='ltr'>coepimus</span> <span class='ocrx_word' id='word_1_260' title='bbox 1622 2190 1776 2219; x_wconf 88' lang='lat' dir='ltr'>omnes</span> <span class='ocrx_word' id='word_1_261' title='bbox 1802 2175 1843 2216; x_wconf 91' lang='lat' dir='ltr'>in</span> <span class='ocrx_word' id='word_1_262' title='bbox 1890 2208 1891 2215; x_wconf 69' lang='grc'>,</span> 
     </span>
     <span class='ocr_line' id='line_1_33' title="bbox 228 2235 1842 2293; baseline -0.002 -14"><span class='ocrx_word' id='word_1_263' title='bbox 228 2239 393 2293; x_wconf 89' lang='lat' dir='ltr'>templo</span> <span class='ocrx_word' id='word_1_264' title='bbox 415 2239 574 2280; x_wconf 91' lang='lat' dir='ltr'>diebus</span> <span class='ocrx_word' id='word_1_265' title='bbox 597 2239 845 2292; x_wconf 90' lang='lat' dir='ltr'>dominicis,</span> <span class='ocrx_word' id='word_1_266' title='bbox 870 2240 994 2281; x_wconf 89' lang='lat' dir='ltr'>iussu</span> <span class='ocrx_word' id='word_1_267' title='bbox 1019 2239 1118 2281; x_wconf 92' lang='lat' dir='ltr'>Rdi.</span> <span class='ocrx_word' id='word_1_268' title='bbox 1148 2241 1198 2281; x_wconf 93' lang='lat' dir='ltr'>P.</span> <span class='ocrx_word' id='word_1_269' title='bbox 1227 2238 1390 2288; x_wconf 89' lang='lat' dir='ltr'>nostri,</span> <span class='ocrx_word' id='word_1_270' title='bbox 1417 2237 1551 2292; x_wconf 89' lang='lat' dir='ltr'>idque</span> <span class='ocrx_word' id='word_1_271' title='bbox 1574 2236 1629 2278; x_wconf 90' lang='lat' dir='ltr'>ad</span> <span class='ocrx_word' id='word_1_272' title='bbox 1661 2235 1842 2277; x_wconf 90' lang='lat' dir='ltr'>aliorum</span> 
     </span>
     <span class='ocr_line' id='line_1_34' title="bbox 228 2298 602 2340; baseline 0 0"><span class='ocrx_word' id='word_1_273' title='bbox 228 2298 602 2340; x_wconf 86' lang='lat' dir='ltr'>aedificationem.</span> 
     </span>
    </p>

    <p class='ocr_par' dir='ltr' id='par_1_9' title="bbox 228 2351 1842 2646">
     <span class='ocr_line' id='line_1_35' title="bbox 317 2351 1840 2410; baseline -0.004 -12"><span class='ocrx_word' id='word_1_274' title='bbox 317 2356 384 2409; x_wconf 85' lang='grc' dir='ltr'>7.Ο</span> <span class='ocrx_word' id='word_1_275' title='bbox 414 2357 603 2398; x_wconf 89' lang='lat' dir='ltr'>Ianuarii</span> <span class='ocrx_word' id='word_1_276' title='bbox 635 2358 820 2399; x_wconf 89' lang='lat' dir='ltr'>Romam</span> <span class='ocrx_word' id='word_1_277' title='bbox 852 2357 972 2398; x_wconf 82' lang='lat' dir='ltr'>venit</span> <span class='ocrx_word' id='word_1_278' title='bbox 1004 2356 1261 2399; x_wconf 85' lang='lat' dir='ltr'>Bernardus</span> <span class='ocrx_word' id='word_1_279' title='bbox 1291 2353 1576 2410; x_wconf 87' lang='lat' dir='ltr'>iapponensis</span> <span class='ocrx_word' id='word_1_280' title='bbox 1607 2366 1708 2395; x_wconf 90' lang='lat' dir='ltr'>cum</span> <span class='ocrx_word' id='word_1_281' title='bbox 1737 2351 1840 2392; x_wconf 90' lang='lat' dir='ltr'>duo-</span> 
     </span>
     <span class='ocr_line' id='line_1_36' title="bbox 228 2410 1842 2470; baseline -0.003 -15"><span class='ocrx_word' id='word_1_282' title='bbox 228 2414 313 2457; x_wconf 91' lang='lat' dir='ltr'>bus</span> <span class='ocrx_word' id='word_1_283' title='bbox 341 2415 540 2469; x_wconf 88' lang='lat' dir='ltr'>hispanis</span> <span class='ocrx_word' id='word_1_284' title='bbox 568 2423 612 2458; x_wconf 91' lang='lat' dir='ltr'>et</span> <span class='ocrx_word' id='word_1_285' title='bbox 641 2415 736 2456; x_wconf 88' lang='lat' dir='ltr'>aliis</span> <span class='ocrx_word' id='word_1_286' title='bbox 768 2416 945 2457; x_wconf 90' lang='lat' dir='ltr'>duobus</span> <span class='ocrx_word' id='word_1_287' title='bbox 978 2414 1295 2470; x_wconf 78' lang='lat' dir='ltr'>neapolitaniS,</span> <span class='ocrx_word' id='word_1_288' title='bbox 1332 2414 1407 2468; x_wconf 90' lang='lat' dir='ltr'>qui</span> <span class='ocrx_word' id='word_1_289' title='bbox 1441 2413 1575 2455; x_wconf 90' lang='lat' dir='ltr'>etiam</span> <span class='ocrx_word' id='word_1_290' title='bbox 1612 2410 1842 2453; x_wconf 87' lang='lat' dir='ltr'>nuntiabat</span> 
     </span>
     <span class='ocr_line' id='line_1_37' title="bbox 228 2470 1839 2530; baseline -0.004 -15"><span class='ocrx_word' id='word_1_291' title='bbox 228 2470 415 2515; x_wconf 83' lang='lat' dir='ltr'>mortem</span> <span class='ocrx_word' id='word_1_292' title='bbox 451 2476 501 2517; x_wconf 90' lang='lat' dir='ltr'><strong>R.</strong></span> <span class='ocrx_word' id='word_1_293' title='bbox 541 2475 589 2516; x_wconf 92' lang='lat' dir='ltr'>P.</span> <span class='ocrx_word' id='word_1_294' title='bbox 625 2475 838 2528; x_wconf 86' lang='lat' dir='ltr'>Gaspari,</span> <span class='ocrx_word' id='word_1_295' title='bbox 880 2474 1050 2516; x_wconf 89' lang='lat' dir='ltr'>zelandi</span> <span class='ocrx_word' id='word_1_296' title='bbox 1091 2474 1201 2530; x_wconf 78' lang='lat' dir='ltr'>[sic],</span> <span class='ocrx_word' id='word_1_297' title='bbox 1244 2480 1288 2515; x_wconf 94' lang='lat' dir='ltr'>et</span> <span class='ocrx_word' id='word_1_298' title='bbox 1321 2472 1599 2526; x_wconf 87' lang='lat' dir='ltr'>quorundam</span> <span class='ocrx_word' id='word_1_299' title='bbox 1640 2470 1839 2512; x_wconf 88' lang='lat' dir='ltr'>aliorum:</span> 
     </span>
     <span class='ocr_line' id='line_1_38' title="bbox 228 2528 1840 2587; baseline -0.004 -14"><span class='ocrx_word' id='word_1_300' title='bbox 228 2533 335 2574; x_wconf 90' lang='lat' dir='ltr'>satis</span> <span class='ocrx_word' id='word_1_301' title='bbox 351 2547 530 2587; x_wconf 86' lang='lat' dir='ltr'>quoque</span> <span class='ocrx_word' id='word_1_302' title='bbox 553 2534 781 2576; x_wconf 82' lang='lat' dir='ltr'>asserebat</span> <span class='ocrx_word' id='word_1_303' title='bbox 799 2532 931 2575; x_wconf 91' lang='lat' dir='ltr'>etiam</span> <span class='ocrx_word' id='word_1_304' title='bbox 959 2535 1010 2576; x_wconf 92' lang='lat' dir='ltr'><strong>R.</strong></span> <span class='ocrx_word' id='word_1_305' title='bbox 1032 2533 1320 2575; x_wconf 84' lang='lat' dir='ltr'>Franciscum</span> <span class='ocrx_word' id='word_1_306' title='bbox 1341 2532 1510 2574; x_wconf 90' lang='lat' dir='ltr'>Xauier</span> <span class='ocrx_word' id='word_1_307' title='bbox 1529 2531 1584 2571; x_wconf 90' lang='lat' dir='ltr'>ad</span> <span class='ocrx_word' id='word_1_308' title='bbox 1604 2528 1840 2571; x_wconf 89' lang='lat' dir='ltr'>Dominum</span> 
     </span>
     <span class='ocr_line' id='line_1_39' title="bbox 228 2606 462 2646; baseline 0.004 -14"><span class='ocrx_word' id='word_1_309' title='bbox 228 2606 462 2646; x_wconf 83' lang='lat' dir='ltr'>migrasse.</span> 
     </span>
    </p>
   </div>
   <div class='ocr_carea' id='block_1_5' title="bbox 231 2691 421 2695">
    <p class='ocr_par' dir='ltr' id='par_1_10' title="bbox 231 2691 421 2695">
     <span class='ocr_line' id='line_1_40' title="bbox 231 2691 421 2695; baseline 0 0"><span class='ocrx_word' id='word_1_310' title='bbox 231 2691 421 2695; x_wconf 95' lang='lat' dir='ltr'> </span> 
     </span>
    </p>
   </div>
   <div class='ocr_carea' id='block_1_6' title="bbox 226 2733 1846 2876">
    <p class='ocr_par' dir='ltr' id='par_1_11' title="bbox 226 2733 1846 2876">
     <span class='ocr_line' id='line_1_41' title="bbox 295 2733 1846 2782; baseline -0.005 -10"><span class='ocrx_word' id='word_1_311' title='bbox 295 2746 310 2763; x_wconf 79' lang='lat'><em>0</em></span> <span class='ocrx_word' id='word_1_312' title='bbox 365 2739 430 2772; x_wconf 74' lang='lat' dir='ltr'>Sic</span> <span class='ocrx_word' id='word_1_313' title='bbox 448 2749 517 2772; x_wconf 77' lang='lat' dir='ltr'>ms,</span> <span class='ocrx_word' id='word_1_314' title='bbox 538 2742 611 2782; x_wconf 72' lang='lat' dir='ltr'>pro</span> <span class='ocrx_word' id='word_1_315' title='bbox 632 2738 855 2772; x_wconf 80' lang='lat' dir='ltr'>Villalobos.</span> <span class='ocrx_word' id='word_1_316' title='bbox 879 2736 981 2771; x_wconf 78' lang='lat' dir='ltr'>Nota</span> <span class='ocrx_word' id='word_1_317' title='bbox 1012 2740 1126 2771; x_wconf 63' lang='lat' dir='ltr'>norro</span> <span class='ocrx_word' id='word_1_318' title='bbox 1141 2740 1341 2770; x_wconf 75' lang='lat' dir='ltr'>auctorem</span> <span class='ocrx_word' id='word_1_319' title='bbox 1365 2735 1524 2769; x_wconf 69' lang='lat' dir='ltr'>italicae</span> <span class='ocrx_word' id='word_1_320' title='bbox 1543 2733 1846 2778; x_wconf 72' lang='lat' dir='ltr'>orthographiae</span> 
     </span>
     <span class='ocr_line' id='line_1_42' title="bbox 226 2780 1846 2829; baseline -0.002 -13"><span class='ocrx_word' id='word_1_321' title='bbox 226 2784 458 2828; x_wconf 77' lang='lat' dir='ltr'>imperitum</span> <span class='ocrx_word' id='word_1_322' title='bbox 489 2786 550 2829; x_wconf 75' lang='lat' dir='ltr'>(ut</span> <span class='ocrx_word' id='word_1_323' title='bbox 567 2785 665 2818; x_wconf 84' lang='lat' dir='ltr'>alibi</span> <span class='ocrx_word' id='word_1_324' title='bbox 690 2789 802 2828; x_wconf 75' lang='lat' dir='ltr'>saepe</span> <span class='ocrx_word' id='word_1_325' title='bbox 829 2785 1015 2829; x_wconf 75' lang='lat' dir='ltr'>apparet)</span> <span class='ocrx_word' id='word_1_326' title='bbox 1042 2784 1236 2827; x_wconf 87' lang='lat' dir='ltr'>Bottelgio</span> <span class='ocrx_word' id='word_1_327' title='bbox 1258 2787 1335 2829; x_wconf 82' lang='lat' dir='ltr'>pro</span> <span class='ocrx_word' id='word_1_328' title='bbox 1363 2782 1554 2826; x_wconf 80' lang='lat' dir='ltr'>Boteglio‚</span> <span class='ocrx_word' id='word_1_329' title='bbox 1584 2780 1752 2825; x_wconf 82' lang='lat' dir='ltr'>Auingio</span> <span class='ocrx_word' id='word_1_330' title='bbox 1774 2784 1846 2824; x_wconf 82' lang='lat' dir='ltr'>pro</span> 
     </span>
     <span class='ocr_line' id='line_1_43' title="bbox 227 2829 1488 2876; baseline -0.001 -12"><span class='ocrx_word' id='word_1_331' title='bbox 227 2831 396 2875; x_wconf 84' lang='lat' dir='ltr'>Avignio</span> <span class='ocrx_word' id='word_1_332' title='bbox 414 2832 642 2876; x_wconf 84' lang='lat' dir='ltr'>(Avignon),</span> <span class='ocrx_word' id='word_1_333' title='bbox 662 2831 870 2876; x_wconf 87' lang='lat' dir='ltr'>Montange</span> <span class='ocrx_word' id='word_1_334' title='bbox 888 2835 961 2875; x_wconf 76' lang='lat' dir='ltr'>pro</span> <span class='ocrx_word' id='word_1_335' title='bbox 982 2832 1194 2874; x_wconf 79' lang='lat' dir='ltr'>Mortagne,</span> <span class='ocrx_word' id='word_1_336' title='bbox 1217 2834 1284 2866; x_wconf 78' lang='lat' dir='ltr'>etc.</span> <span class='ocrx_word' id='word_1_337' title='bbox 1306 2829 1488 2864; x_wconf 82' lang='lat' dir='ltr'>scribere.</span> 
     </span>
    </p>
   </div>
   <div class='ocr_carea' id='block_1_7' title="bbox 228 2960 1848 3058">
    <p class='ocr_par' dir='ltr' id='par_1_12' title="bbox 228 2960 1848 3058">
     <span class='ocr_line' id='line_1_44' title="bbox 295 2960 1848 3013; baseline -0.003 -12"><span class='ocrx_word' id='word_1_338' title='bbox 295 2967 307 2985; x_wconf 73' lang='lat' dir='ltr'>a</span> <span class='ocrx_word' id='word_1_339' title='bbox 358 2967 414 3002; x_wconf 82' lang='lat' dir='ltr'><strong>Cf.</strong></span> <span class='ocrx_word' id='word_1_340' title='bbox 440 2968 617 3003; x_wconf 74' lang='lat' dir='ltr'>Monam.</span> <span class='ocrx_word' id='word_1_341' title='bbox 649 2969 800 3013; x_wconf 60' lang='lat' dir='ltr'>Ignem,</span> <span class='ocrx_word' id='word_1_342' title='bbox 821 2979 895 3005; x_wconf 83' lang='lat' dir='ltr'>ser,</span> <span class='ocrx_word' id='word_1_343' title='bbox 921 2968 985 3012; x_wconf 77' lang='lat'><strong>1.⁸‚</strong></span> <span class='ocrx_word' id='word_1_344' title='bbox 1008 2966 1090 3011; x_wconf 91' lang='lat' dir='ltr'>VII,</span> <span class='ocrx_word' id='word_1_345' title='bbox 1115 2974 1195 3011; x_wconf 83' lang='lat'>255,</span> <span class='ocrx_word' id='word_1_346' title='bbox 1221 2967 1259 3001; x_wconf 92' lang='lat' dir='ltr'>in</span> <span class='ocrx_word' id='word_1_347' title='bbox 1286 2970 1417 3002; x_wconf 90' lang='lat' dir='ltr'>annot.</span> <span class='ocrx_word' id='word_1_348' title='bbox 1448 2975 1482 3009; x_wconf 84' lang='lat'>53</span> <span class='ocrx_word' id='word_1_349' title='bbox 1516 2971 1596 3000; x_wconf 88' lang='lat' dir='ltr'>turn</span> <span class='ocrx_word' id='word_1_350' title='bbox 1619 2964 1780 3004; x_wconf 67' lang='lat' dir='ltr'>Clzrov„</span> <span class='ocrx_word' id='word_1_351' title='bbox 1799 2960 1848 2995; x_wconf 93' lang='lat' dir='ltr'>VI</span> 
     </span>
     <span class='ocr_line' id='line_1_45' title="bbox 228 3014 793 3058; baseline 0.007 -12"><span class='ocrx_word' id='word_1_352' title='bbox 228 3014 296 3056; x_wconf 86' lang='lat'>276</span> <span class='ocrx_word' id='word_1_353' title='bbox 315 3020 353 3047; x_wconf 86' lang='lat' dir='ltr'>et</span> <span class='ocrx_word' id='word_1_354' title='bbox 373 3023 439 3058; x_wconf 87' lang='lat'>277</span> <span class='ocrx_word' id='word_1_355' title='bbox 456 3015 492 3049; x_wconf 92' lang='lat' dir='ltr'>in</span> <span class='ocrx_word' id='word_1_356' title='bbox 512 3022 639 3050; x_wconf 87' lang='lat' dir='ltr'>annot.</span> <span class='ocrx_word' id='word_1_357' title='bbox 667 3024 696 3058; x_wconf 81' lang='lat'>13</span> <span class='ocrx_word' id='word_1_358' title='bbox 719 3021 793 3052; x_wconf 90' lang='lat' dir='ltr'>etc.</span> 
     </span>
    </p>
   </div>
  </div>
 </body>
</html>
