1891 3292
600 192 986 231 COMMENTARIOLA.
997 205 1133 240 —1570
1560 205 1629 242 709

53 311 143 340 rem
172 311 227 338 ex
256 303 411 337 nostro
440 295 631 350 collegio
662 297 714 337 P.
748 296 1029 351 Stephanum
1061 312 1214 340 secum
1245 298 1522 354 adduxisset,
1556 307 1600 342 et
1631 299 1678 340 in

53 356 217 410 templo
236 354 444 409 primario
462 354 727 396 catholicam
748 355 1010 398 concionem
1031 357 1290 422 Stephanus
1315 358 1481 400 habere
1505 359 1676 412 coepis-

50 423 132 467 set,
159 414 368 480 oppidani
395 415 544 455 furore
561 414 783 478 quodam
775 416 909 468 impio
930 416 1099 469 perciti
1123 431 1211 457 non
1232 417 1492 458 tumultuari
1511 418 1673 468 solum,

49 475 126 517 sed
149 473 282 515 etiam
302 472 525 538 lapidibus
548 472 913 516 concionatorem
938 489 990 515 ac
1002 474 1371 540 prouinciale[in]
1399 483 1549 529 petere
1572 484 1677 518 sunt

49 533 160 583 ausi,
194 547 249 574 ne
271 532 411 586 ipsius
435 532 614 586 quidem
647 531 844 586 episcopi
869 548 920 574 ac
946 534 1157 588 principis
1186 548 1255 575 sui
1279 535 1365 576 vlla
1398 535 1570 577 ratione
1600 536 1674 576 ha-

50 592 154 632 bita.
183 591 501 635 Nihilominus
527 590 776 632 incolumes
799 600 1058 643 euaserunt,
1084 602 1127 634 et
1152 594 1194 634 in
1219 593 1304 634 alio
1322 594 1521 636 eiusdem
1545 594 1677 648 oppi-

47 651 89 693 di
115 651 283 705 templo
307 649 465 691 concio
489 650 614 691 finita
640 650 738 690 fuit.

137 710 207 762 84.
277 710 323 750 ln
353 709 537 750 ciuitate
567 710 782 763 Logrono
812 723 912 749 curn
947 709 1068 763 prius
1096 711 1258 751 artium
1289 725 1447 752 cursus
1480 711 1675 765 praelegi

47 769 373 818 consueuisset,
399 783 453 810 eo
477 769 698 818 absoluto,
725 782 885 809 cursus
909 769 1193 823 theologicus
1221 778 1288 812 est
1317 770 1567 820 institutus,
1600 784 1673 811 se-

47 828 179 869 motis
201 827 516 881 quaestionum
542 826 844 878 subtiliorum,
871 836 914 867 et
939 828 1087 869 minus
1110 829 1165 868 ad
1189 829 1358 882 praxim
1379 829 1569 879 milium,
1592 837 1675 870 tra-1

47 887 336 937 ctationibus;
371 896 415 927 et
445 886 625 940 quidem
657 900 747 927 non
780 887 956 927 modico
988 901 1213 928 concursu
1253 896 1296 929 et
1333 890 1480 928 sructu
1511 903 1581 929 res
1610 896 1676 930 est

47 953 221 1001 coepta,
243 953 288 987 et
306 960 593 1000 progressum
613 944 771 986 habuit
790 945 898 987 satis
917 946 1134 987 foelicem.
1160 948 1330 987 Domus
1347 947 1481 988 etiam
1501 946 1679 1000 collegii

47 1005 89 1046 in
116 1005 343 1047 meliorem
382 1007 568 1046 formam
598 1017 666 1047 est
695 1006 892 1046 redacta:
931 1019 1031 1046 cum
1064 1006 1180 1047 enim
1211 1005 1254 1046 in
1284 1007 1452 1060 angulo
1481 1005 1675 1059 quodam

45 1064 128 1107 vici
163 1079 252 1106 non
288 1064 497 1107 habentis
531 1064 700 1106 exitum
736 1065 821 1105 sita
856 1072 991 1114 esset,
1024 1064 1183 1105 ciuitas
1217 1065 1395 1118 publico
1434 1078 1674 1117 consensu,

45 1138 170 1165 muro
189 1123 386 1165 ciuitatis
409 1123 574 1174 diruto,
601 1123 662 1164 ibi
687 1131 859 1178 portam
884 1123 1129 1174 constituit,
1155 1131 1199 1165 et
1225 1132 1357 1177 ponte
1383 1125 1543 1164 fossam
1558 1137 1674 1164 com-

44 1183 220 1236 mitens,
255 1191 298 1225 et
330 1198 406 1237 per
443 1183 614 1224 medios
645 1184 800 1224 hortos
835 1182 1111 1237 priuatorum
1147 1182 1259 1223 viam
1298 1183 1518 1236 publicam
1552 1182 1674 1223 insti-

44 1250 189 1293 tuens,
217 1242 479 1285 nobiliorem
505 1242 894 1294 salubrioremque
918 1242 1063 1282 locum
1089 1242 1210 1282 illum
1237 1250 1439 1283 nostrum
1465 1241 1612 1283 efecit.

132 1301 203 1354 85.
270 1303 317 1343 ln
341 1316 367 1342 o
374 1301 505 1356 ppido
529 1303 583 1343 de
607 1301 871 1356 Trig·1eros,
898 1315 999 1341 cum
1032 1301 1233 1341 visitator
1266 1302 1315 1342 P.
1350 1302 1538 1342 Ioannes
1561 1301 1674 1343 Sua-

45 1374 115 1402 rez
139 1360 182 1401 id
205 1369 452 1415 expeteret
480 1362 691 1402 fundator
715 1361 911 1414 collegii,
934 1360 1008 1414 qui
1027 1361 1175 1402 adhuc
1194 1369 1420 1413 superstes
1438 1367 1549 1411 erat,
1571 1374 1675 1400 con-

45 1427 195 1462 tentus
220 1421 303 1461 fuit
327 1427 374 1461 vt
397 1420 612 1463 lectiones
631 1420 922 1474 gramaticae,
945 1434 1058 1472 quae
1081 1434 1135 1460 ex
1154 1419 1429 1473 obligatione
1454 1418 1672 1459 fundatio-

43 1479 111 1520 nis
134 1488 373 1534 susceptae
398 1481 590 1529 fuerant,
617 1479 949 1530 omitterentur;
977 1487 1019 1520 et
1043 1493 1195 1520 earum
1217 1479 1315 1519 loco
1345 1477 1560 1520 lectiones
1594 1491 1666 1518 ca-

42 1552 171 1580 suum
198 1539 503 1581 conscientiae
527 1547 633 1580 sunt
658 1538 822 1581 ibidem
854 1538 1101 1589 institutae,
1133 1537 1338 1591 quamuis
1362 1537 1544 1577 domum
1576 1550 1673 1590 pro-

42 1598 232 1640 bationis
255 1599 314 1639 ibi
338 1598 433 1639 fieri
463 1598 672 1639 fundator
695 1598 990 1640 consenserit.

16 1691 22 1698 .
130 1657 199 1698 86.
267 1658 383 1699 Cum
409 1672 483 1699 rex
509 1657 756 1698 cat'nolicus
779 1670 806 1710 4
830 1656 965 1698 millia
988 1656 1218 1698 hominun
1246 1655 1289 1696 in
1308 1654 1559 1696 subsidium
1578 1653 1672 1708 regi

41 1715 289 1758 Galliarum
313 1718 597 1769 destinasset,
621 1717 736 1758 duos
754 1731 808 1759 ex
829 1725 980 1768 nostra
999 1717 1225 1758 Societate
1244 1714 1309 1756 eis
1329 1713 1453 1768 petiit
1474 1713 1672 1767 assigna-

41 1775 88 1827 ri,
109 1776 217 1828 qui
207 1790 249 1816 1n
276 1777 411 1819 rebus
436 1776 746 1830 spi1itualibus
769 1776 1016 1817 exercitum
1040 1775 1162 1816 illum
1188 1774 1412 1815 iuuarent.

129 1836 201 1888 87
268 1835 474 1878 Gandiae
508 1835 748 1890 collegium
784 1835 1044 1878 accessione
1068 1849 1155 1875 non
1181 1833 1354 1874 modica
1379 1840 1560 1872 auctum
1586 1838 1671 1882 est,

40 1894 272 1948 applicatis
302 1895 551 1937 redditibus
582 1910 655 1949 per
687 1909 863 1936 sumum
901 1894 1158 1948 pontificem
1195 1892 1427 1933 cuiusdam
1466 1864 1673 1932 beneficii

39 1952 265 2007 simplicis,
293 1955 413 2008 quod
437 1955 600 1995 nobilis
624 1956 680 1996 D.
708 1954 922 1997 Sanctius
946 1954 1000 1994 de
1027 1953 1211 1994 Biedma
1234 1951 1411 2002 obtulit
1437 1950 1554 1992 vnde
1589 1960 1671 2001 500

39 2012 185 2054 ducati
211 2014 348 2055 annui
374 2014 583 2055 redibunt
602 2014 658 2054 ad
681 2014 724 2053 id
745 2013 985 2065 collegium
1006 2012 1199 2066 singulis
1222 2010 1365 2062 annis,
1388 2011 1485 2064 plus
1504 2008 1668 2050 minus.

834 2163 863 2217 †

622 2272 750 2301 ANNO
775 2271 946 2315 DOMINJ
980 2268 1089 2309 1570

131 2382 164 2414 1.
234 2371 384 2413 Huius
408 2372 512 2413 anni
537 2372 664 2413 initio
690 2378 933 2436 tempestas
957 2369 1188 2411 imminere
1213 2368 1403 2409 maxima
1427 2366 1573 2431 coepit
1594 2380 1670 2406 no-

38 2429 141 2470 stris
164 2431 238 2483 qui
261 2430 473 2473 Veneciis
491 2439 652 2486 agunt
679 2432 737 2473 ob
762 2430 926 2471 summi
952 2428 1175 2483 pontificis
1200 2426 1500 2468 obedientiam
1526 2426 1567 2465 in
1594 2426 1668 2465 ob—

39 2489 297 2531 seruatione
328 2491 478 2533 bullae
507 2491 690 2533 Coenae
721 2490 919 2536 Domini:
947 2489 1025 2530 sed
1057 2488 1234 2528 tandem
1261 2485 1478 2527 serenitas
1507 2484 1667 2537 illuxit,

39 2548 133 2589 Deo
156 2549 333 2590 veritati
357 2557 401 2591 et
427 2549 703 2604 simplicitati
729 2547 1015 2591 obedientiae
1041 2546 1222 2587 fauenti

125 2619 165 2650 2.
233 2609 348 2650 Cum
375 2624 540 2664 magna
564 2623 712 2651 rerum
757 2607 896 2650 victui
919 2605 1273 2647 necessariarum
1300 2603 1485 2656 penuria
1509 2602 1550 2642 in
1579 2609 1670 2643 tota

37 2665 126 2708 fere
152 2667 290 2717 [talia
316 2676 360 2709 et
380 2670 548 2710 Rornae
572 2668 724 2709 itidem
750 2668 1042 2715 laboraretur
1070 2666 1186 2705 hanc
1204 2670 1353 2704 autem
1381 2669 1560 2702 nostrae
1584 2661 1666 2702 do-

36 2738 133 2767 mus
155 2734 198 2768 et
223 2701 411 2782 coilegia
437 2727 660 2784 ro[ma]na
684 2727 1014 2780 experirentur
1048 2726 1094 2764 Ρ.
1125 2721 1406 2776 praepositus
1435 2720 1669 2761 constituit

35 2791 80 2824 vt
104 2786 290 2838 quaeuis
313 2801 466 2829 earum
492 2795 668 2842 praeter
697 2793 929 2833 consueta
964 2782 1169 2824 nonnihil
1202 2780 1475 2835 pauperibus
1505 2779 1669 2821 cotidie

37 2853 332 2900 praepararet,
365 2855 411 2886 vt
443 2845 741 2889 beneficentia
772 2858 881 2898 erga
914 2843 1027 2887 illos
1058 2840 1138 2883 Dei
1163 2854 1272 2894 erga
1303 2853 1384 2880 nos
1416 2838 1669 2893 largitatem

34 2902 280 2946 vberlorem
308 2916 570 2957 mereretur3
598 2905 718 2959 quod
743 2911 787 2945 et
814 2904 983 2943 facturn
1008 2907 1091 2950 est,
1118 2907 1161 2941 et
1193 2912 1404 2953 prospere
1433 2911 1540 2939 suc(
1545 2904 1668 2939 esS1t

127 2975 165 3015 3.
236 2965 419 3007 Praeter
442 2965 658 3006 lectiones
682 2961 835 3017 templi
860 2960 1000 3002 n‘ostri
1025 2960 1079 3000 ad
1100 2959 1330 3012 populum,
1357 2965 1400 2999 et
1425 2956 1614 2998 concion
1626 2971 1673 2998 es

39 3021 296 3074 matutinas,
325 3036 379 3077 30
403 3023 746 3066 concionatores
777 3019 941 3062 obtulit
971 3017 1211 3071 collegium
1238 3031 1488 3070 romanum,
1522 3015 1597 3069 qui
1627 3014 1669 3055 in
