1891 3292
411 157 475 190 DE
503 157 857 191 PERSEVERAN'HA
888 168 926 191 iix:
956 168 1050 192 virs-i
1082 168 1304 195 mammos»,
1567 163 1635 197 81³·

59 261 223 303 randae
261 258 437 311 aliquae
476 258 722 307 molestiae,
769 273 917 299 nonne
950 259 1196 313 jucundius
1240 271 1305 303 est
1348 263 1460 304 ferre
1503 271 1682 317 propter

47 323 220 368 Deum,
247 325 290 359 et
316 317 561 371 praemium
588 318 721 370 (quod
744 317 851 371 ipsis
880 319 1084 373 debetur)
1109 329 1357 368 aeternum,
1395 336 1525 374 quam
1553 323 1682 362 inuti-

59 380 173 429 liter,
200 378 290 417 imo
312 389 415 417 curn
435 376 674 418 demerito?
694 376 828 417 Certe
847 391 949 430 spes
966 378 1194 431 jucundos
1220 380 1321 420 tacit
1348 381 1535 421 labores:
1564 381 1682 422 Audi

56 452 167 492 ergo
196 436 403 477 Paulum:
439 436 575 488 Quod
601 444 965 477 momentaneum
997 445 1064 477 est
1089 447 1131 477 et
1166 438 1262 478 leve
1286 438 1584 479 tribulationis
1609 454 1685 479 no-

57 505 190 546 strae,
218 509 354 548 supra
379 495 560 534 modum
588 509 803 547 magnum
824 504 867 535 et
888 504 1121 537 aeternum
1146 497 1318 550 gloriae
1340 498 1513 550 pondus
1532 513 1684 551 opera-

58 555 196 598 turin
221 553 352 595 nobis
385 551 433 594 ¹⁶.
1633 556 1636 559 “

145 613 216 666 4⁰
281 612 407 654 Licet
440 611 518 652 tibi
549 611 730 662 obiiciat
767 613 958 653 daemon
991 619 1112 666 quod
1139 614 1276 654 tristis
1306 629 1481 668 semper
1504 615 1608 668 eris,
1632 631 1687 657 ne

58 673 122 715 illi
140 673 314 721 credas,
343 670 445 725 quia
470 671 742 712 contrarium
768 671 1027 724 experieris,
1061 672 1097 712 si
1126 681 1166 713 te
1199 674 1335 713 semel
1375 682 1556 715 strenue
1582 674 1685 715 resi-

59 731 267 788 gnaveris
296 730 339 770 in
371 744 531 771 manus
566 731 645 771 Dei
679 744 755 784 per
787 730 1089 772 obedientiam
1125 731 1420 784 superioru1n;
1457 742 1500 774 et
1536 733 1576 773 in
1603 734 1685 773 hoc

56 792 191 834 crede
213 790 424 844 expertis;
452 803 541 829 non
566 789 683 830 enim
711 789 907 829 nascitur
932 789 1108 830 tristitia
1132 804 1185 830 ex
1210 791 1304 843 ipsa
1331 791 1582 843 vocatione,
1610 792 1687 833 sed

57 850 162 905 quia
195 857 241 890 tu
271 856 429 889 contra
457 849 734 889 voluntatem
766 847 808 890 in
841 862 890 888 ea.
921 862 1089 899 manes;
1127 849 1205 890 sed
1242 864 1371 891 mane
1402 850 1610 900 libenter,
1643 859 1686 892 et

57 909 253 953 cessabit
279 907 472 949 tristitia,
500 914 544 948 et
567 906 734 948 senties
757 920 965 947 serenum
992 916 1088 960 post
1114 907 1280 949 nubila.

148 967 214 1021 5.⁰
281 967 416 1021 Quod
457 967 654 1019 requiem
694 966 754 1006 sis
793 966 1070 1016 inventurus,
1109 975 1150 1007 te
1185 966 1477 1018 humiliando,
1512 966 1634 1009 disce
1664 982 1687 1007 a

57 1028 245 1070 Christo
270 1026 345 1080 qui
369 1025 445 1067 ait:
481 1026 650 1067 Discite
679 1040 701 1065 a
727 1039 811 1074 me,
845 1024 945 1078 quia
979 1024 1095 1065 mitis
1126 1039 1222 1065 sum
1255 1032 1298 1067 et
1329 1025 1509 1067 humilis
1533 1026 1685 1076 corde,

56 1096 102 1129 et
125 1085 366 1128 invenietis
390 1085 589 1138 requiem
613 1084 848 1125 animabus
872 1083 1046 1126 vestris.
1068 1085 1237 1140 Jugum
1262 1084 1380 1125 enim
1412 1099 1558 1126 meum
1589 1099 1686 1126 sua-

61 1162 114 1189 ve
137 1153 222 1199 est,
250 1153 293 1187 et
318 1159 434 1186 onus
458 1158 606 1185 meum
631 1144 730 1185 leve
756 1141 804 1184 ¹⁷.
833 1143 979 1185 Crede
1004 1143 1178 1184 veritati
1203 1143 1419 1196 loquenti,
1444 1144 1480 1184 si
1501 1144 1687 1185 homini—

61 1206 145 1247 bus
170 1219 259 1246 non
284 1203 445 1244 credis.

148 1264 217 1307 6.⁰
275 1263 484 1319 Jucunda
509 1270 575 1303 est
598 1260 731 1304 etiam
752 1260 1026 1302 cohabitatio
1052 1262 1251 1313 fratrum,
1276 1261 1350 1314 qui
1380 1276 1427 1301 se
1457 1261 1499 1301 in
1530 1260 1688 1314 spiritu

53 1324 264 1378 diligunt,
285 1323 413 1376 juxta
449 1322 557 1362 illud
584 1321 675 1363 Ps.:
705 1322 821 1362 Ecce
851 1334 983 1374 quarn
1008 1320 1174 1360 bonum
1199 1327 1242 1361 et
1267 1334 1398 1373 quam
1417 1320 1688 1373 jucundum,

61 1384 266 1426 habitare
290 1383 449 1423 fratres
472 1380 514 1421 in
542 1394 681 1421 unum
709 1378 757 1421 ¹⁸.

148 1444 214 1496 7.Ο
277 1440 421 1484 Sicuti
440 1439 665 1481 molestior
685 1446 802 1481 esset
821 1447 945 1479 extra
961 1438 1230 1481 Societatem
1248 1436 1505 1478 sollicitudo
1523 1437 1689 1477 haben-

53 1503 101 1544 di
126 1517 197 1544 res
226 1500 522 1549 necessarias,
550 1500 610 1539 ita
633 1498 881 1552 jucundius
910 1497 953 1538 in
982 1512 1033 1538 ea
1067 1496 1165 1538 sine
1193 1495 1495 1537 sollicitudine
1526 1496 1691 1537 habere

54 1561 209 1603 omnia
232 1560 398 1614 quibus
416 1573 530 1613 opus
553 1558 652 1601 erit.

147 1619 217 1663 8.⁰
280 1618 425 1663 Sicuti
456 1617 729 1673 perplexitas
752 1624 795 1658 et
819 1615 1074 1657 sollicitudo
1108 1614 1151 1655 in
1177 1614 1460 1667 disponendo
1483 1620 1602 1653 statu
1627 1627 1690 1654 re-

62 1694 157 1722 rum
182 1693 365 1721 suarum
390 1678 542 1732 gravis
563 1687 606 1719 et
631 1676 821 1717 molesta
843 1682 960 1717 esset
983 1683 1108 1716 extra
1132 1673 1422 1722 Societatem,
1449 1672 1510 1712 ita
1529 1671 1691 1725 jucun-

55 1741 165 1781 -dum
189 1739 235 1780 in
259 1753 311 1781 ea
334 1739 559 1792 deponere
577 1750 730 1777 curam
754 1737 839 1783 sui,
861 1734 990 1788 juxta
1020 1734 1127 1774 illud
1161 1734 1252 1774 Ps.:
1286 1731 1414 1785 Jacta
1444 1745 1578 1784 super
1604 1732 1691 1771 Do-

60 1800 230 1840 minum
255 1797 503 1852 cogitatum
529 1804 673 1845 tuum,
699 1803 771 1838 etc
812 1793 861 1847 ¹⁹,
890 1794 962 1834 cui
991 1795 1151 1834 Petrus
1175 1798 1409 1833 consonat.

147 1858 218 1914 9.⁰
282 1857 402 1898 Inter
427 1855 652 1910 relligiosa
674 1854 896 1904 instituta,
926 1853 1095 1893 nullum
1121 1850 1319 1894 intellexi
1344 1849 1528 1890 suavius
1549 1846 1689 1888 horni-

56 1917 104 1959 ni
127 1918 244 1960 bene
278 1916 509 1971 disposito,
537 1929 670 1968 quam
702 1920 922 1964 nostruin,
950 1919 1043 1953 tum
1075 1911 1195 1965 quod
1225 1924 1272 1951 se
1296 1909 1340 1950 in
1364 1907 1576 1950 exteriori
1610 1908 1691 1947 ho-

59 1977 180 2018 mine
198 1982 465 2030 attemperet
483 1975 536 2016 ad
558 1986 850 2027 personarum
870 1971 1125 2025 qualitates,
1145 1978 1237 2010 tum
1258 1968 1378 2022 quod
1397 1967 1506 2008 nihil
1527 1964 1694 2020 praeci-

58 2036 156 2092 piat
174 2036 295 2090 quod
318 2034 489 2089 obliget
514 2035 569 2075 ad
595 2039 845 2088 peccatum,
874 2038 1048 2085 praeter
1068 2028 1380 2070 substantialia
1407 2025 1692 2081 paucissima,

57 2103 222 2138 >contra
253 2109 369 2150 quae
404 2093 625 2143 faciendo,
652 2091 785 2133 etiam
810 2097 937 2132 extra
955 2089 1221 2143 religionem
1244 2088 1335 2129 fere
1355 2086 1454 2139 quis
1473 2090 1694 2139 peccaret.

156 2167 220 2197 Io.
290 2155 529 2196 Molestum
554 2160 671 2194 esset
692 2150 786 2203 tibi,
816 2151 966 2199 frater,
993 2149 1028 2190 si
1054 2146 1346 2201 egredereris,
1372 2145 1595 2186 sustinere
1619 2143 1694 2182 ho-

63 2214 231 2256 minum
256 2214 311 2256 de
335 2220 379 2256 te
396 2211 567 2267 judicia
590 2218 634 2252 et
674 2217 1000 2263 contemptum:
1028 2208 1174 2248 solent
1199 2206 1317 2248 enirn
1349 2218 1427 2258 pro
1453 2202 1589 2243 nihilo
1618 2202 1692 2241 ha-

62 2275 156 2316 beri
180 2281 428 2328 apostatae,
455 2280 499 2314 et
524 2279 748 2323 tamquam
775 2270 896 2310 leves
920 2274 963 2310 et
987 2267 1315 2314 inconstantes,
1342 2270 1386 2305 et
1418 2275 1571 2316 parurn
1604 2266 1675 2300 stu

58 2333 173 2374 diosi
198 2333 395 2381 virtutis,
422 2331 511 2372 imo
533 2337 577 2371 et
601 2328 799 2378 honoris,
827 2327 1000 2369 haberi.

158 2405 222 2435 ΙΙ.
290 2392 336 2435 Si
354 2389 657 2445 resignaveris
677 2397 718 2430 te
742 2387 874 2437 serio,
900 2386 969 2427 vel
989 2382 1277 2433 consequeris
1294 2394 1396 2422 cum
1416 2376 1696 2420 obedientiae

60 2452 221 2493 ‘merito
250 2451 294 2492 id
328 2451 493 2505 ipsum,
526 2448 647 2502 quod
678 2447 806 2500 cupis
835 2460 937 2487 cum
974 2453 1177 2498 peccato,
1215 2441 1283 2482 vel
1313 2440 1349 2481 si
1379 2452 1467 2480 non
1498 2435 1693 2490 expedit,

64 2512 188 2552 Deus
216 2510 316 2551 illos
346 2518 447 2551 tuos
481 2516 706 2563 parentes,
744 2514 787 2548 et
819 2514 861 2547 te
892 2505 1036 2558 ipsum
1075 2501 1218 2555 magis
1248 2497 1570 2545 consolabitur,
1609 2508 1697 2534 non

64 2570 298 2612 invisendo
321 2584 413 2619 eos,
441 2582 576 2622 quam
600 2566 637 2607 si
667 2565 897 2606 inviseres.
930 2565 1189 2617 propensus
1218 2558 1336 2601 enim
1360 2564 1427 2598 est
1453 2557 1576 2597 Deus
1600 2567 1694 2593 ma—

61 2629 135 2684 gis
163 2630 219 2671 ad
247 2627 574 2670 consolandum
608 2639 744 2679 quam
778 2625 832 2664 ad
866 2621 1225 2664 contristandum
1261 2630 1411 2659 servos
1440 2628 1562 2663 suos,
1596 2612 1697 2652 licet

66 2689 222 2741 probet
246 2703 323 2742 per
349 2686 551 2729 tristitias
575 2684 833 2738 aliquand03
863 2696 963 2723 nam
988 2683 1119 2722 Pater
1138 2686 1205 2720 est
1227 2673 1635 2717 misericordiarum
1655 2679 1698 2711 et

66 2749 190 2790 Deus
215 2747 352 2789 totius
375 2744 700 2788 consolationis
725 2742 778 2796 ²⁰,
798 2742 928 2796 juxta
957 2741 1161 2781 Paulum.

119 2903 149 2922 ¹⁶
197 2902 232 2936 ΙΙ
246 2901 375 2945 Con„
396 2900 462 2942 IV,
488 2907 542 2942 17.
988 2892 1013 2911 ¹⁷
1066 2891 1251 2931 MATTH.⁷
1282 2887 1349 2939 XI,
1371 2894 1428 2928 29.

121 2950 149 2970 ¹⁶
199 2950 265 2987 Ps.
287 2947 482 2989 CXXXII,
506 2954 535 2981 1.
988 2939 1015 2958 ¹⁹
1067 2938 1133 2972 Ps.
1156 2935 1255 2977 LIV,
1278 2942 1333 2967 2³.

120 2997 150 3018 ²⁰
199 2997 238 3032 II
252 2996 374 3038 Con„
395 2995 426 3039 Ι,
444 3003 477 3038 3,
