<?xml version="1.0" encoding="UTF-8"?>
<!DOCTYPE html PUBLIC "-//W3C//DTD XHTML 1.0 Transitional//EN"
    "http://www.w3.org/TR/xhtml1/DTD/xhtml1-transitional.dtd">
<html xmlns="http://www.w3.org/1999/xhtml" xml:lang="en" lang="en">
 <head>
  <title>
</title>
<meta http-equiv="Content-Type" content="text/html;charset=utf-8" />
  <meta name='ocr-system' content='tesseract 3.04.00' />
  <meta name='ocr-capabilities' content='ocr_page ocr_carea ocr_par ocr_line ocrx_word'/>
</head>
<body>
  <div class='ocr_page' id='page_1' title='image "./polancicomplemen07pola_0252.png"; bbox 0 0 1891 3292; ppageno 0'>
   <div class='ocr_carea' id='block_1_1' title="bbox 243 262 1273 298">
    <p class='ocr_par' dir='ltr' id='par_1_1' title="bbox 243 262 1273 298">
     <span class='ocr_line' id='line_1_1' title="bbox 243 262 1273 298; baseline -0.005 0"><span class='ocrx_word' id='word_1_1' title='bbox 243 263 310 298; x_wconf 85' lang='lat'>230</span> <span class='ocrx_word' id='word_1_2' title='bbox 743 262 932 297; x_wconf 74' lang='lat' dir='ltr'>POLANCI</span> <span class='ocrx_word' id='word_1_3' title='bbox 959 269 1273 296; x_wconf 80' lang='lat' dir='ltr'>COMPLEMENTA</span> 
     </span>
    </p>
   </div>
   <div class='ocr_carea' id='block_1_2' title="bbox 192 357 1825 2249">
    <p class='ocr_par' dir='ltr' id='par_1_2' title="bbox 194 357 1825 1180">
     <span class='ocr_line' id='line_1_2' title="bbox 195 357 1810 413; baseline -0.004 -7"><span class='ocrx_word' id='word_1_4' title='bbox 195 365 249 406; x_wconf 93' lang='lat' dir='ltr'>V.</span> <span class='ocrx_word' id='word_1_5' title='bbox 292 365 344 405; x_wconf 80' lang='lat' dir='ltr'>R.</span> <span class='ocrx_word' id='word_1_6' title='bbox 379 365 493 405; x_wconf 49' lang='grc' dir='ltr'>ΡέωἸ</span> <span class='ocrx_word' id='word_1_7' title='bbox 522 363 577 403; x_wconf 90' lang='lat' dir='ltr'>de</span> <span class='ocrx_word' id='word_1_8' title='bbox 607 361 773 403; x_wconf 91' lang='lat' dir='ltr'>nostris</span> <span class='ocrx_word' id='word_1_9' title='bbox 796 362 931 404; x_wconf 89' lang='lat' dir='ltr'>rebus</span> <span class='ocrx_word' id='word_1_10' title='bbox 954 362 1027 405; x_wconf 91' lang='lat' dir='ltr'>uel</span> <span class='ocrx_word' id='word_1_11' title='bbox 1050 362 1104 402; x_wconf 91' lang='lat' dir='ltr'>de</span> <span class='ocrx_word' id='word_1_12' title='bbox 1133 367 1255 402; x_wconf 90' lang='lat' dir='ltr'>statu</span> <span class='ocrx_word' id='word_1_13' title='bbox 1279 357 1510 413; x_wconf 79' lang='lat' dir='ltr'>religionis</span> <span class='ocrx_word' id='word_1_14' title='bbox 1533 357 1810 400; x_wconf 88' lang='lat' dir='ltr'>marchiona-</span> 
     </span>
     <span class='ocr_line' id='line_1_3' title="bbox 195 434 1812 492; baseline -0.002 -12"><span class='ocrx_word' id='word_1_15' title='bbox 195 447 267 481; x_wconf 92' lang='lat' dir='ltr'>tus</span> <span class='ocrx_word' id='word_1_16' title='bbox 291 439 515 489; x_wconf 87' lang='lat' dir='ltr'>badensis,</span> <span class='ocrx_word' id='word_1_17' title='bbox 541 437 708 492; x_wconf 90' lang='lat' dir='ltr'>quidue</span> <span class='ocrx_word' id='word_1_18' title='bbox 731 439 949 480; x_wconf 85' lang='lat' dir='ltr'>hactenus</span> <span class='ocrx_word' id='word_1_19' title='bbox 967 444 1084 480; x_wconf 89' lang='lat' dir='ltr'>esset</span> <span class='ocrx_word' id='word_1_20' title='bbox 1107 437 1316 478; x_wconf 89' lang='lat' dir='ltr'>effectum</span> <span class='ocrx_word' id='word_1_21' title='bbox 1343 434 1387 475; x_wconf 93' lang='lat' dir='ltr'>in</span> <span class='ocrx_word' id='word_1_22' title='bbox 1407 434 1656 476; x_wconf 85' lang='lat' dir='ltr'>catholicae</span> <span class='ocrx_word' id='word_1_23' title='bbox 1679 434 1812 488; x_wconf 88' lang='lat' dir='ltr'>pieta-</span> 
     </span>
     <span class='ocr_line' id='line_1_4' title="bbox 196 509 1813 565; baseline -0.004 -8"><span class='ocrx_word' id='word_1_24' title='bbox 196 517 250 557; x_wconf 88' lang='lat' dir='ltr'>tis</span> <span class='ocrx_word' id='word_1_25' title='bbox 285 515 610 558; x_wconf 75' lang='lat' dir='ltr'>restauratione</span> <span class='ocrx_word' id='word_1_26' title='bbox 642 514 843 557; x_wconf 87' lang='lat' dir='ltr'>crebrius</span> <span class='ocrx_word' id='word_1_27' title='bbox 874 522 916 556; x_wconf 86' lang='lat' dir='ltr'>et</span> <span class='ocrx_word' id='word_1_28' title='bbox 951 514 1094 555; x_wconf 89' lang='lat' dir='ltr'>fusius</span> <span class='ocrx_word' id='word_1_29' title='bbox 1126 527 1150 554; x_wconf 87' lang='lat' dir='ltr'>a</span> <span class='ocrx_word' id='word_1_30' title='bbox 1186 514 1238 554; x_wconf 83' lang='lat' dir='ltr'>R.</span> <span class='ocrx_word' id='word_1_31' title='bbox 1268 513 1316 555; x_wconf 82' lang='lat' dir='ltr'>P.</span> <span class='ocrx_word' id='word_1_32' title='bbox 1363 519 1514 552; x_wconf 91' lang='lat' dir='ltr'>nostro</span> <span class='ocrx_word' id='word_1_33' title='bbox 1554 509 1813 565; x_wconf 88' lang='lat' dir='ltr'>prouinciali</span> 
     </span>
     <span class='ocr_line' id='line_1_5' title="bbox 194 586 1812 641; baseline -0.004 -8"><span class='ocrx_word' id='word_1_34' title='bbox 194 593 250 636; x_wconf 89' lang='lat' dir='ltr'>D.</span> <span class='ocrx_word' id='word_1_35' title='bbox 282 591 420 633; x_wconf 84' lang='lat' dir='ltr'>Paulo</span> <span class='ocrx_word' id='word_1_36' title='bbox 444 591 651 641; x_wconf 90' lang='lat' dir='ltr'>Hoffaeo,</span> <span class='ocrx_word' id='word_1_37' title='bbox 677 590 911 633; x_wconf 89' lang='lat' dir='ltr'>certiorem</span> <span class='ocrx_word' id='word_1_38' title='bbox 937 591 1098 631; x_wconf 91' lang='lat' dir='ltr'>factam</span> <span class='ocrx_word' id='word_1_39' title='bbox 1122 587 1485 636; x_wconf 81' lang='lat' dir='ltr'>credidissemus,</span> <span class='ocrx_word' id='word_1_40' title='bbox 1507 586 1812 640; x_wconf 83' lang='lat' dir='ltr'>frequentiori·</span> 
     </span>
     <span class='ocr_line' id='line_1_6' title="bbox 194 651 1815 721; baseline -0.003 -12"><span class='ocrx_word' id='word_1_41' title='bbox 194 669 279 709; x_wconf 88' lang='lat' dir='ltr'>bus</span> <span class='ocrx_word' id='word_1_42' title='bbox 307 651 466 708; x_wconf 82' lang='lat' dir='ltr'>litteris</span> <span class='ocrx_word' id='word_1_43' title='bbox 497 681 629 721; x_wconf 90' lang='lat' dir='ltr'>quam</span> <span class='ocrx_word' id='word_1_44' title='bbox 664 667 886 709; x_wconf 89' lang='lat' dir='ltr'>hactenus</span> <span class='ocrx_word' id='word_1_45' title='bbox 922 665 1224 708; x_wconf 76' lang='lat' dir='ltr'>necessarium</span> <span class='ocrx_word' id='word_1_46' title='bbox 1262 678 1360 707; x_wconf 86' lang='lat' dir='ltr'>esse</span> <span class='ocrx_word' id='word_1_47' title='bbox 1389 662 1708 716; x_wconf 84' lang='lat' dir='ltr'>iudicauimus,</span> <span class='ocrx_word' id='word_1_48' title='bbox 1749 663 1815 705; x_wconf 91' lang='lat' dir='ltr'>usi</span> 
     </span>
     <span class='ocr_line' id='line_1_7' title="bbox 195 738 1813 799; baseline -0.002 -14"><span class='ocrx_word' id='word_1_49' title='bbox 195 745 450 787; x_wconf 83' lang='lat' dir='ltr'>fuissemus.</span> <span class='ocrx_word' id='word_1_50' title='bbox 487 745 605 799; x_wconf 74' lang='lat' dir='ltr'>Quia</span> <span class='ocrx_word' id='word_1_51' title='bbox 643 758 752 786; x_wconf 90' lang='lat' dir='ltr'>uero</span> <span class='ocrx_word' id='word_1_52' title='bbox 777 757 916 798; x_wconf 83' lang='lat' dir='ltr'>nuper</span> <span class='ocrx_word' id='word_1_53' title='bbox 940 743 984 783; x_wconf 92' lang='lat' dir='ltr'>in</span> <span class='ocrx_word' id='word_1_54' title='bbox 1009 742 1246 784; x_wconf 79' lang='lat' dir='ltr'>annalibus</span> <span class='ocrx_word' id='word_1_55' title='bbox 1270 740 1433 783; x_wconf 90' lang='lat' dir='ltr'>nostris</span> <span class='ocrx_word' id='word_1_56' title='bbox 1465 740 1589 790; x_wconf 83' lang='lat' dir='ltr'>satis,</span> <span class='ocrx_word' id='word_1_57' title='bbox 1618 746 1664 780; x_wconf 91' lang='lat' dir='ltr'>ut</span> <span class='ocrx_word' id='word_1_58' title='bbox 1688 738 1813 782; x_wconf 86' lang='lat' dir='ltr'>vide-</span> 
     </span>
     <span class='ocr_line' id='line_1_8' title="bbox 195 817 1813 875; baseline -0.001 -14"><span class='ocrx_word' id='word_1_59' title='bbox 195 835 307 873; x_wconf 88' lang='lat' dir='ltr'>mur,</span> <span class='ocrx_word' id='word_1_60' title='bbox 327 820 554 875; x_wconf 80' lang='lat' dir='ltr'>sigillatim</span> <span class='ocrx_word' id='word_1_61' title='bbox 572 834 777 874; x_wconf 88' lang='lat' dir='ltr'>quaeque</span> <span class='ocrx_word' id='word_1_62' title='bbox 794 819 1139 870; x_wconf 86' lang='lat' dir='ltr'>declarauimus,</span> <span class='ocrx_word' id='word_1_63' title='bbox 1161 826 1204 861; x_wconf 92' lang='lat' dir='ltr'>et</span> <span class='ocrx_word' id='word_1_64' title='bbox 1223 818 1305 860; x_wconf 90' lang='lat' dir='ltr'>iter</span> <span class='ocrx_word' id='word_1_65' title='bbox 1324 818 1509 871; x_wconf 83' lang='lat' dir='ltr'>longum</span> <span class='ocrx_word' id='word_1_66' title='bbox 1529 823 1613 871; x_wconf 87' lang='lat' dir='ltr'>est,</span> <span class='ocrx_word' id='word_1_67' title='bbox 1627 823 1670 858; x_wconf 90' lang='lat' dir='ltr'>et</span> <span class='ocrx_word' id='word_1_68' title='bbox 1690 817 1744 858; x_wconf 89' lang='lat' dir='ltr'>V.</span> <span class='ocrx_word' id='word_1_69' title='bbox 1762 817 1813 860; x_wconf 87' lang='lat' dir='ltr'>R.</span> 
     </span>
     <span class='ocr_line' id='line_1_9' title="bbox 197 891 1814 949; baseline -0.002 -11"><span class='ocrx_word' id='word_1_70' title='bbox 197 898 293 938; x_wconf 70' lang='lat' dir='ltr'>P.t²⁵</span> <span class='ocrx_word' id='word_1_71' title='bbox 316 897 467 938; x_wconf 88' lang='lat' dir='ltr'>multis</span> <span class='ocrx_word' id='word_1_72' title='bbox 495 897 591 938; x_wconf 89' lang='lat' dir='ltr'>aliis</span> <span class='ocrx_word' id='word_1_73' title='bbox 615 896 734 937; x_wconf 91' lang='lat' dir='ltr'>curis</span> <span class='ocrx_word' id='word_1_74' title='bbox 757 903 801 937; x_wconf 93' lang='lat' dir='ltr'>et</span> <span class='ocrx_word' id='word_1_75' title='bbox 824 895 1010 936; x_wconf 86' lang='lat' dir='ltr'>infinitis</span> <span class='ocrx_word' id='word_1_76' title='bbox 1032 893 1405 949; x_wconf 81' lang='lat' dir='ltr'>occupationibus</span> <span class='ocrx_word' id='word_1_77' title='bbox 1427 891 1727 947; x_wconf 81' lang='lat' dir='ltr'>distringitur,</span> <span class='ocrx_word' id='word_1_78' title='bbox 1752 906 1814 934; x_wconf 87' lang='lat' dir='ltr'>sa·</span> 
     </span>
     <span class='ocr_line' id='line_1_10' title="bbox 197 969 1817 1024; baseline -0.002 -9"><span class='ocrx_word' id='word_1_79' title='bbox 197 973 286 1015; x_wconf 90' lang='lat' dir='ltr'>tius</span> <span class='ocrx_word' id='word_1_80' title='bbox 308 973 681 1023; x_wconf 87' lang='lat' dir='ltr'>existimauimus,</span> <span class='ocrx_word' id='word_1_81' title='bbox 709 972 879 1013; x_wconf 90' lang='lat' dir='ltr'>tardius</span> <span class='ocrx_word' id='word_1_82' title='bbox 902 972 1038 1013; x_wconf 90' lang='lat' dir='ltr'>semel</span> <span class='ocrx_word' id='word_1_83' title='bbox 1063 971 1273 1012; x_wconf 87' lang='lat' dir='ltr'>vniuersa</span> <span class='ocrx_word' id='word_1_84' title='bbox 1290 970 1469 1020; x_wconf 85' lang='lat' dir='ltr'>clarius,</span> <span class='ocrx_word' id='word_1_85' title='bbox 1492 983 1623 1023; x_wconf 89' lang='lat' dir='ltr'>quam</span> <span class='ocrx_word' id='word_1_86' title='bbox 1642 969 1817 1024; x_wconf 88' lang='lat' dir='ltr'>saepius</span> 
     </span>
     <span class='ocr_line' id='line_1_11' title="bbox 194 1044 1811 1104; baseline -0.002 -13"><span class='ocrx_word' id='word_1_87' title='bbox 194 1050 373 1104; x_wconf 84' lang='lat' dir='ltr'>singula</span> <span class='ocrx_word' id='word_1_88' title='bbox 396 1050 630 1091; x_wconf 88' lang='lat' dir='ltr'>obscurius</span> <span class='ocrx_word' id='word_1_89' title='bbox 654 1048 911 1103; x_wconf 84' lang='lat' dir='ltr'>complecti.</span> <span class='ocrx_word' id='word_1_90' title='bbox 934 1048 1084 1101; x_wconf 85' lang='lat' dir='ltr'>Atque</span> <span class='ocrx_word' id='word_1_91' title='bbox 1108 1062 1164 1089; x_wconf 91' lang='lat' dir='ltr'>ne</span> <span class='ocrx_word' id='word_1_92' title='bbox 1187 1061 1238 1088; x_wconf 92' lang='lat' dir='ltr'>ea</span> <span class='ocrx_word' id='word_1_93' title='bbox 1258 1054 1455 1101; x_wconf 86' lang='lat' dir='ltr'>repetam</span> <span class='ocrx_word' id='word_1_94' title='bbox 1476 1060 1591 1099; x_wconf 90' lang='lat' dir='ltr'>quae</span> <span class='ocrx_word' id='word_1_95' title='bbox 1614 1044 1657 1086; x_wconf 89' lang='lat' dir='ltr'>in</span> <span class='ocrx_word' id='word_1_96' title='bbox 1678 1060 1811 1088; x_wconf 89' lang='lat' dir='ltr'>anna-</span> 
     </span>
     <span class='ocr_line' id='line_1_12' title="bbox 194 1122 1825 1180; baseline 0 -14"><span class='ocrx_word' id='word_1_97' title='bbox 194 1126 312 1168; x_wconf 86' lang='lat' dir='ltr'>libus</span> <span class='ocrx_word' id='word_1_98' title='bbox 334 1126 696 1180; x_wconf 84' lang='lat' dir='ltr'>conscripsimus,</span> <span class='ocrx_word' id='word_1_99' title='bbox 719 1125 778 1165; x_wconf 87' lang='lat' dir='ltr'>ibi</span> <span class='ocrx_word' id='word_1_100' title='bbox 801 1124 1102 1178; x_wconf 87' lang='lat' dir='ltr'>incipiendum</span> <span class='ocrx_word' id='word_1_101' title='bbox 1122 1123 1319 1165; x_wconf 76' lang='lat' dir='ltr'>indicaui</span> <span class='ocrx_word' id='word_1_102' title='bbox 1335 1122 1411 1164; x_wconf 90' lang='lat' dir='ltr'>ubi</span> <span class='ocrx_word' id='word_1_103' title='bbox 1434 1122 1637 1164; x_wconf 86' lang='lat' dir='ltr'>relictum</span> <span class='ocrx_word' id='word_1_104' title='bbox 1656 1122 1716 1163; x_wconf 90' lang='lat' dir='ltr'>ibi</span> <span class='ocrx_word' id='word_1_105' title='bbox 1734 1131 1825 1166; x_wconf 86' lang='lat' dir='ltr'>est.·</span> 
     </span>
    </p>

    <p class='ocr_par' dir='ltr' id='par_1_3' title="bbox 192 1198 1818 1867">
     <span class='ocr_line' id='line_1_13' title="bbox 284 1198 1818 1256; baseline -0.003 -12"><span class='ocrx_word' id='word_1_106' title='bbox 284 1204 437 1256; x_wconf 88' lang='lat' dir='ltr'>Itaque</span> <span class='ocrx_word' id='word_1_107' title='bbox 462 1202 627 1243; x_wconf 90' lang='lat' dir='ltr'>utimur</span> <span class='ocrx_word' id='word_1_108' title='bbox 645 1202 792 1243; x_wconf 89' lang='lat' dir='ltr'>adhuc</span> <span class='ocrx_word' id='word_1_109' title='bbox 811 1202 967 1243; x_wconf 89' lang='lat' dir='ltr'>eodem</span> <span class='ocrx_word' id='word_1_110' title='bbox 988 1200 1171 1243; x_wconf 88' lang='lat' dir='ltr'>uiuendi</span> <span class='ocrx_word' id='word_1_111' title='bbox 1191 1200 1323 1241; x_wconf 89' lang='lat' dir='ltr'>modo</span> <span class='ocrx_word' id='word_1_112' title='bbox 1346 1200 1463 1240; x_wconf 91' lang='lat' dir='ltr'>sicut</span> <span class='ocrx_word' id='word_1_113' title='bbox 1482 1198 1619 1254; x_wconf 87' lang='lat' dir='ltr'>prius,</span> <span class='ocrx_word' id='word_1_114' title='bbox 1642 1198 1818 1242; x_wconf 92' lang='lat' dir='ltr'>iisdem-</span> 
     </span>
     <span class='ocr_line' id='line_1_14' title="bbox 196 1275 1816 1333; baseline -0.001 -12"><span class='ocrx_word' id='word_1_115' title='bbox 196 1293 283 1333; x_wconf 87' lang='lat' dir='ltr'>que</span> <span class='ocrx_word' id='word_1_116' title='bbox 312 1278 471 1320; x_wconf 88' lang='lat' dir='ltr'>studiis</span> <span class='ocrx_word' id='word_1_117' title='bbox 501 1278 818 1327; x_wconf 87' lang='lat' dir='ltr'>incumbimus,</span> <span class='ocrx_word' id='word_1_118' title='bbox 845 1285 1157 1332; x_wconf 75' lang='lat' dir='ltr'>praeterquam</span> <span class='ocrx_word' id='word_1_119' title='bbox 1190 1276 1308 1330; x_wconf 85' lang='lat' dir='ltr'>quod</span> <span class='ocrx_word' id='word_1_120' title='bbox 1343 1277 1495 1317; x_wconf 86' lang='lat' dir='ltr'>locum</span> <span class='ocrx_word' id='word_1_121' title='bbox 1528 1275 1816 1320; x_wconf 81' lang='lat' dir='ltr'>mutauimus.</span> 
     </span>
     <span class='ocr_line' id='line_1_15' title="bbox 197 1351 1816 1408; baseline -0.001 -12"><span class='ocrx_word' id='word_1_122' title='bbox 197 1357 423 1397; x_wconf 87' lang='lat' dir='ltr'>Moramur</span> <span class='ocrx_word' id='word_1_123' title='bbox 444 1354 560 1395; x_wconf 91' lang='lat' dir='ltr'>enim</span> <span class='ocrx_word' id='word_1_124' title='bbox 585 1368 705 1395; x_wconf 89' lang='lat' dir='ltr'>nunc</span> <span class='ocrx_word' id='word_1_125' title='bbox 732 1354 954 1408; x_wconf 84' lang='lat' dir='ltr'>Etlingae,</span> <span class='ocrx_word' id='word_1_126' title='bbox 990 1354 1107 1407; x_wconf 91' lang='lat' dir='ltr'>quod</span> <span class='ocrx_word' id='word_1_127' title='bbox 1134 1352 1345 1407; x_wconf 91' lang='lat' dir='ltr'>oppidum</span> <span class='ocrx_word' id='word_1_128' title='bbox 1371 1352 1494 1406; x_wconf 90' lang='lat' dir='ltr'>prius</span> <span class='ocrx_word' id='word_1_129' title='bbox 1516 1352 1561 1393; x_wconf 90' lang='lat' dir='ltr'>in</span> <span class='ocrx_word' id='word_1_130' title='bbox 1586 1351 1679 1393; x_wconf 89' lang='lat' dir='ltr'>suis</span> <span class='ocrx_word' id='word_1_131' title='bbox 1701 1366 1816 1394; x_wconf 93' lang='lat' dir='ltr'>erro-</span> 
     </span>
     <span class='ocr_line' id='line_1_16' title="bbox 196 1428 1817 1486; baseline -0.001 -14"><span class='ocrx_word' id='word_1_132' title='bbox 196 1432 318 1473; x_wconf 92' lang='lat' dir='ltr'>ribus</span> <span class='ocrx_word' id='word_1_133' title='bbox 337 1431 755 1486; x_wconf 72' lang='lat' dir='ltr'>pertinacissimum,</span> <span class='ocrx_word' id='word_1_134' title='bbox 779 1445 898 1472; x_wconf 88' lang='lat' dir='ltr'>nunc</span> <span class='ocrx_word' id='word_1_135' title='bbox 917 1430 1117 1471; x_wconf 88' lang='lat' dir='ltr'>ceruices</span> <span class='ocrx_word' id='word_1_136' title='bbox 1135 1444 1240 1472; x_wconf 84' lang='lat' dir='ltr'>suas</span> <span class='ocrx_word' id='word_1_137' title='bbox 1261 1430 1346 1471; x_wconf 89' lang='lat' dir='ltr'>sub</span> <span class='ocrx_word' id='word_1_138' title='bbox 1363 1429 1509 1471; x_wconf 89' lang='lat' dir='ltr'>dulcia</span> <span class='ocrx_word' id='word_1_139' title='bbox 1528 1428 1695 1471; x_wconf 89' lang='lat' dir='ltr'>Christi</span> <span class='ocrx_word' id='word_1_140' title='bbox 1714 1428 1817 1484; x_wconf 87' lang='lat' dir='ltr'>iuga</span> 
     </span>
     <span class='ocr_line' id='line_1_17' title="bbox 195 1505 1811 1560; baseline 0 -12"><span class='ocrx_word' id='word_1_141' title='bbox 195 1508 313 1548; x_wconf 88' lang='lat' dir='ltr'>misit</span> <span class='ocrx_word' id='word_1_142' title='bbox 335 1515 557 1558; x_wconf 87' lang='lat' dir='ltr'>coactum;</span> <span class='ocrx_word' id='word_1_143' title='bbox 584 1507 808 1560; x_wconf 90' lang='lat' dir='ltr'>distatque</span> <span class='ocrx_word' id='word_1_144' title='bbox 834 1507 953 1548; x_wconf 83' lang='lat' dir='ltr'>Bada</span> <span class='ocrx_word' id='word_1_145' title='bbox 979 1506 1070 1560; x_wconf 84' lang='lat' dir='ltr'>(ubi</span> <span class='ocrx_word' id='word_1_146' title='bbox 1096 1506 1218 1560; x_wconf 88' lang='lat' dir='ltr'>prius</span> <span class='ocrx_word' id='word_1_147' title='bbox 1244 1505 1426 1555; x_wconf 82' lang='lat' dir='ltr'>fuimus,</span> <span class='ocrx_word' id='word_1_148' title='bbox 1459 1512 1504 1547; x_wconf 92' lang='lat' dir='ltr'>et</span> <span class='ocrx_word' id='word_1_149' title='bbox 1534 1506 1721 1547; x_wconf 88' lang='lat' dir='ltr'>fortasse</span> <span class='ocrx_word' id='word_1_150' title='bbox 1744 1519 1811 1560; x_wconf 87' lang='lat' dir='ltr'>eO,</span> 
     </span>
     <span class='ocr_line' id='line_1_18' title="bbox 195 1581 1816 1637; baseline -0.001 -12"><span class='ocrx_word' id='word_1_151' title='bbox 195 1584 279 1625; x_wconf 90' lang='lat' dir='ltr'>nisi</span> <span class='ocrx_word' id='word_1_152' title='bbox 303 1597 583 1637; x_wconf 84' lang='lat' dir='ltr'>reuocemur,</span> <span class='ocrx_word' id='word_1_153' title='bbox 618 1584 927 1637; x_wconf 64' lang='lat' dir='ltr'>reuertemur),</span> <span class='ocrx_word' id='word_1_154' title='bbox 966 1590 1138 1625; x_wconf 87' lang='lat' dir='ltr'>tantum</span> <span class='ocrx_word' id='word_1_155' title='bbox 1170 1583 1311 1623; x_wconf 89' lang='lat' dir='ltr'>tribus</span> <span class='ocrx_word' id='word_1_156' title='bbox 1334 1581 1611 1623; x_wconf 88' lang='lat' dir='ltr'>milliaribus.</span> <span class='ocrx_word' id='word_1_157' title='bbox 1639 1581 1816 1623; x_wconf 86' lang='lat' dir='ltr'>Inhabi-</span> 
     </span>
     <span class='ocr_line' id='line_1_19' title="bbox 194 1658 1817 1715; baseline -0.001 -13"><span class='ocrx_word' id='word_1_158' title='bbox 194 1667 340 1702; x_wconf 89' lang='lat' dir='ltr'>tamus</span> <span class='ocrx_word' id='word_1_159' title='bbox 364 1661 594 1715; x_wconf 89' lang='lat' dir='ltr'>tugurium</span> <span class='ocrx_word' id='word_1_160' title='bbox 627 1660 897 1715; x_wconf 84' lang='lat' dir='ltr'>pauperibus</span> <span class='ocrx_word' id='word_1_161' title='bbox 926 1661 1327 1711; x_wconf 88' lang='lat' dir='ltr'>accommodatum,</span> <span class='ocrx_word' id='word_1_162' title='bbox 1356 1673 1553 1702; x_wconf 87' lang='lat' dir='ltr'>mensam</span> <span class='ocrx_word' id='word_1_163' title='bbox 1586 1673 1689 1700; x_wconf 88' lang='lat' dir='ltr'>cum</span> <span class='ocrx_word' id='word_1_164' title='bbox 1725 1658 1817 1701; x_wconf 86' lang='lat' dir='ltr'>aliis</span> 
     </span>
     <span class='ocr_line' id='line_1_20' title="bbox 192 1735 1814 1790; baseline -0.002 -11"><span class='ocrx_word' id='word_1_165' title='bbox 192 1737 501 1780; x_wconf 87' lang='lat' dir='ltr'>sacerdotibus</span> <span class='ocrx_word' id='word_1_166' title='bbox 523 1738 741 1779; x_wconf 89' lang='lat' dir='ltr'>habemus</span> <span class='ocrx_word' id='word_1_167' title='bbox 764 1751 1066 1779; x_wconf 85' lang='lat' dir='ltr'>communem.</span> <span class='ocrx_word' id='word_1_168' title='bbox 1096 1736 1229 1778; x_wconf 87' lang='lat' dir='ltr'>Plura</span> <span class='ocrx_word' id='word_1_169' title='bbox 1254 1737 1309 1778; x_wconf 90' lang='lat' dir='ltr'>de</span> <span class='ocrx_word' id='word_1_170' title='bbox 1327 1737 1413 1777; x_wconf 87' lang='lat' dir='ltr'>hac</span> <span class='ocrx_word' id='word_1_171' title='bbox 1435 1735 1618 1777; x_wconf 90' lang='lat' dir='ltr'>ciuitate</span> <span class='ocrx_word' id='word_1_172' title='bbox 1644 1742 1814 1790; x_wconf 86' lang='lat' dir='ltr'>postea,</span> 
     </span>
     <span class='ocr_line' id='line_1_21' title="bbox 194 1813 889 1867; baseline 0.001 -13"><span class='ocrx_word' id='word_1_173' title='bbox 194 1827 296 1855; x_wconf 91' lang='lat' dir='ltr'>cum</span> <span class='ocrx_word' id='word_1_174' title='bbox 322 1827 468 1854; x_wconf 90' lang='lat' dir='ltr'>rerum</span> <span class='ocrx_word' id='word_1_175' title='bbox 492 1814 600 1854; x_wconf 90' lang='lat' dir='ltr'>ordo</span> <span class='ocrx_word' id='word_1_176' title='bbox 624 1813 889 1867; x_wconf 89' lang='lat' dir='ltr'>poposcerit.</span> 
     </span>
    </p>

    <p class='ocr_par' dir='ltr' id='par_1_4' title="bbox 194 1887 1818 2249">
     <span class='ocr_line' id='line_1_22' title="bbox 284 1887 1816 1942; baseline -0.002 -11"><span class='ocrx_word' id='word_1_177' title='bbox 284 1901 324 1931; x_wconf 84' lang='lat'>2.</span> <span class='ocrx_word' id='word_1_178' title='bbox 391 1890 504 1931; x_wconf 91' lang='lat' dir='ltr'>Cum</span> <span class='ocrx_word' id='word_1_179' title='bbox 530 1890 675 1930; x_wconf 92' lang='lat' dir='ltr'>adhuc</span> <span class='ocrx_word' id='word_1_180' title='bbox 695 1889 843 1930; x_wconf 80' lang='lat' dir='ltr'>Badae</span> <span class='ocrx_word' id='word_1_181' title='bbox 866 1903 1067 1930; x_wconf 79' lang='lat' dir='ltr'>essemus</span> <span class='ocrx_word' id='word_1_182' title='bbox 1086 1888 1218 1930; x_wconf 83' lang='lat' dir='ltr'>nullis</span> <span class='ocrx_word' id='word_1_183' title='bbox 1237 1887 1465 1930; x_wconf 87' lang='lat' dir='ltr'>laboribus</span> <span class='ocrx_word' id='word_1_184' title='bbox 1483 1901 1535 1929; x_wconf 89' lang='lat' dir='ltr'>ac</span> <span class='ocrx_word' id='word_1_185' title='bbox 1559 1887 1677 1929; x_wconf 91' lang='lat' dir='ltr'>curis</span> <span class='ocrx_word' id='word_1_186' title='bbox 1700 1887 1816 1942; x_wconf 90' lang='lat' dir='ltr'>(qui-</span> 
     </span>
     <span class='ocr_line' id='line_1_23' title="bbox 194 1965 1815 2019; baseline -0.001 -12"><span class='ocrx_word' id='word_1_187' title='bbox 194 1967 278 2007; x_wconf 91' lang='lat' dir='ltr'>bus</span> <span class='ocrx_word' id='word_1_188' title='bbox 302 1981 388 2007; x_wconf 91' lang='lat' dir='ltr'>non</span> <span class='ocrx_word' id='word_1_189' title='bbox 420 1967 579 2008; x_wconf 87' lang='lat' dir='ltr'>leuiter</span> <span class='ocrx_word' id='word_1_190' title='bbox 606 1965 688 2006; x_wconf 86' lang='lat' dir='ltr'>fuit</span> <span class='ocrx_word' id='word_1_191' title='bbox 717 1966 811 2007; x_wconf 89' lang='lat' dir='ltr'>dies</span> <span class='ocrx_word' id='word_1_192' title='bbox 841 1980 891 2007; x_wconf 90' lang='lat' dir='ltr'>ac</span> <span class='ocrx_word' id='word_1_193' title='bbox 922 1974 1080 2008; x_wconf 90' lang='lat' dir='ltr'>noctes</span> <span class='ocrx_word' id='word_1_194' title='bbox 1109 1965 1400 2019; x_wconf 80' lang='lat' dir='ltr'>defatigatus)</span> <span class='ocrx_word' id='word_1_195' title='bbox 1431 1966 1483 2006; x_wconf 88' lang='lat' dir='ltr'>R.</span> <span class='ocrx_word' id='word_1_196' title='bbox 1512 1966 1646 2006; x_wconf 85' lang='lat' dir='ltr'>Pater</span> <span class='ocrx_word' id='word_1_197' title='bbox 1673 1965 1815 2007; x_wconf 89' lang='lat' dir='ltr'>Geor-</span> 
     </span>
     <span class='ocr_line' id='line_1_24' title="bbox 196 2041 1816 2096; baseline 0 -14"><span class='ocrx_word' id='word_1_198' title='bbox 196 2042 299 2096; x_wconf 83' lang='lat' dir='ltr'>gius</span> <span class='ocrx_word' id='word_1_199' title='bbox 329 2041 580 2085; x_wconf 85' lang='lat' dir='ltr'>Schoritius</span> <span class='ocrx_word' id='word_1_200' title='bbox 604 2042 820 2096; x_wconf 84' lang='lat' dir='ltr'>pepercit,</span> <span class='ocrx_word' id='word_1_201' title='bbox 855 2050 902 2083; x_wconf 90' lang='lat' dir='ltr'>ut</span> <span class='ocrx_word' id='word_1_202' title='bbox 929 2049 1076 2096; x_wconf 88' lang='lat' dir='ltr'>posset</span> <span class='ocrx_word' id='word_1_203' title='bbox 1106 2041 1399 2084; x_wconf 89' lang='lat' dir='ltr'>ecclesiarum</span> <span class='ocrx_word' id='word_1_204' title='bbox 1424 2041 1625 2083; x_wconf 89' lang='lat' dir='ltr'>omnium</span> <span class='ocrx_word' id='word_1_205' title='bbox 1654 2048 1816 2083; x_wconf 91' lang='lat' dir='ltr'>statum</span> 
     </span>
     <span class='ocr_line' id='line_1_25' title="bbox 1255 2118 1818 2172; baseline 0 -13"><span class='ocrx_word' id='word_1_206' title='bbox 1255 2132 1262 2169; x_wconf 84' lang='lat'><em>3</em></span> <span class='ocrx_word' id='word_1_207' title='bbox 1296 2118 1340 2159; x_wconf 88' lang='lat' dir='ltr'>in</span> <span class='ocrx_word' id='word_1_208' title='bbox 1371 2132 1459 2171; x_wconf 94' lang='lat' dir='ltr'>quo</span> <span class='ocrx_word' id='word_1_209' title='bbox 1491 2131 1625 2172; x_wconf 89' lang='lat' dir='ltr'>opere</span> <span class='ocrx_word' id='word_1_210' title='bbox 1651 2123 1818 2172; x_wconf 88' lang='lat' dir='ltr'>quanto</span> 
     </span>
     <span class='ocr_line' id='line_1_26' title="bbox 197 2193 1815 2249; baseline -0.001 -14"><span class='ocrx_word' id='word_1_211' title='bbox 197 2195 346 2249; x_wconf 88' lang='lat' dir='ltr'>plures</span> <span class='ocrx_word' id='word_1_212' title='bbox 375 2194 574 2247; x_wconf 89' lang='lat' dir='ltr'>quotidie</span> <span class='ocrx_word' id='word_1_213' title='bbox 601 2196 896 2236; x_wconf 86' lang='lat' dir='ltr'>occurrebant</span> <span class='ocrx_word' id='word_1_214' title='bbox 930 2195 1219 2237; x_wconf 84' lang='lat' dir='ltr'>difficultates</span> <span class='ocrx_word' id='word_1_215' title='bbox 1248 2203 1292 2236; x_wconf 88' lang='lat' dir='ltr'>et</span> <span class='ocrx_word' id='word_1_216' title='bbox 1316 2194 1698 2236; x_wconf 85' lang='lat' dir='ltr'>machinationum</span> <span class='ocrx_word' id='word_1_217' title='bbox 1728 2193 1815 2235; x_wconf 90' lang='lat' dir='ltr'>dia-</span> 
     </span>
    </p>
   </div>
   <div class='ocr_carea' id='block_1_3' title="bbox 194 2117 1245 2171">
    <p class='ocr_par' dir='ltr' id='par_1_5' title="bbox 194 2117 1245 2171">
     <span class='ocr_line' id='line_1_27' title="bbox 194 2117 1245 2171; baseline 0.001 -12"><span class='ocrx_word' id='word_1_218' title='bbox 194 2118 250 2159; x_wconf 88' lang='lat' dir='ltr'>ad</span> <span class='ocrx_word' id='word_1_219' title='bbox 288 2118 517 2171; x_wconf 87' lang='lat' dir='ltr'>antiquam</span> <span class='ocrx_word' id='word_1_220' title='bbox 550 2118 729 2171; x_wconf 87' lang='lat' dir='ltr'>pietatis</span> <span class='ocrx_word' id='word_1_221' title='bbox 760 2120 948 2159; x_wconf 87' lang='lat' dir='ltr'>formam</span> <span class='ocrx_word' id='word_1_222' title='bbox 980 2132 1193 2161; x_wconf 86' lang='lat' dir='ltr'>reuocare</span> <span class='ocrx_word' id='word_1_223' title='bbox 1232 2117 1245 2136; x_wconf 73' lang='lat'>2</span> 
     </span>
    </p>
   </div>
   <div class='ocr_carea' id='block_1_4' title="bbox 194 2269 1835 2938">
    <p class='ocr_par' dir='ltr' id='par_1_6' title="bbox 196 2269 1813 2325">
     <span class='ocr_line' id='line_1_28' title="bbox 196 2269 1813 2325; baseline -0.001 -13"><span class='ocrx_word' id='word_1_224' title='bbox 196 2271 444 2312; x_wconf 89' lang='lat' dir='ltr'>bolicarum</span> <span class='ocrx_word' id='word_1_225' title='bbox 476 2271 810 2325; x_wconf 82' lang='lat' dir='ltr'>impedimenta,</span> <span class='ocrx_word' id='word_1_226' title='bbox 845 2280 970 2313; x_wconf 85' lang='lat' dir='ltr'>tanto</span> <span class='ocrx_word' id='word_1_227' title='bbox 1007 2271 1154 2313; x_wconf 89' lang='lat' dir='ltr'>acrius</span> <span class='ocrx_word' id='word_1_228' title='bbox 1187 2271 1268 2312; x_wconf 88' lang='lat' dir='ltr'>sibi</span> <span class='ocrx_word' id='word_1_229' title='bbox 1299 2271 1597 2313; x_wconf 91' lang='lat' dir='ltr'>insistendum</span> <span class='ocrx_word' id='word_1_230' title='bbox 1626 2269 1813 2325; x_wconf 86' lang='lat' dir='ltr'>putauit.</span> 
     </span>
    </p>

    <p class='ocr_par' dir='ltr' id='par_1_7' title="bbox 196 2347 1816 2415">
     <span class='ocr_line' id='line_1_29' title="bbox 196 2347 1816 2415; baseline -0.001 -26"><span class='ocrx_word' id='word_1_231' title='bbox 196 2348 431 2415; x_wconf 83' lang='lat' dir='ltr'>Generoso</span> <span class='ocrx_word' id='word_1_232' title='bbox 464 2347 616 2388; x_wconf 89' lang='lat' dir='ltr'>comiti</span> <span class='ocrx_word' id='word_1_233' title='bbox 652 2348 943 2401; x_wconf 80' lang='lat' dir='ltr'>gubernatori</span> <span class='ocrx_word' id='word_1_234' title='bbox 983 2355 1137 2389; x_wconf 88' lang='lat' dir='ltr'>nostro</span> <span class='ocrx_word' id='word_1_235' title='bbox 1169 2347 1514 2403; x_wconf 88' lang='lat' dir='ltr'>vigilantissimo</span> <span class='ocrx_word' id='word_1_236' title='bbox 1552 2348 1718 2388; x_wconf 86' lang='lat' dir='ltr'>nullam</span> <span class='ocrx_word' id='word_1_237' title='bbox 1756 2360 1816 2388; x_wconf 86' lang='lat' dir='ltr'>re-</span> 
     </span>
    </p>

    <p class='ocr_par' dir='ltr' id='par_1_8' title="bbox 194 2423 1835 2938">
     <span class='ocr_line' id='line_1_30' title="bbox 194 2423 1817 2478; baseline 0 -14"><span class='ocrx_word' id='word_1_238' title='bbox 194 2423 343 2477; x_wconf 91' lang='lat' dir='ltr'>quiem</span> <span class='ocrx_word' id='word_1_239' title='bbox 382 2423 520 2474; x_wconf 88' lang='lat' dir='ltr'>dedit,</span> <span class='ocrx_word' id='word_1_240' title='bbox 547 2438 637 2477; x_wconf 93' lang='lat' dir='ltr'>quo</span> <span class='ocrx_word' id='word_1_241' title='bbox 672 2432 879 2478; x_wconf 88' lang='lat' dir='ltr'>coeptum</span> <span class='ocrx_word' id='word_1_242' title='bbox 915 2438 1029 2478; x_wconf 92' lang='lat' dir='ltr'>opus</span> <span class='ocrx_word' id='word_1_243' title='bbox 1063 2432 1427 2478; x_wconf 89' lang='lat' dir='ltr'>prosequeretur,</span> <span class='ocrx_word' id='word_1_244' title='bbox 1454 2423 1732 2466; x_wconf 86' lang='lat' dir='ltr'>exhortando</span> <span class='ocrx_word' id='word_1_245' title='bbox 1768 2435 1817 2464; x_wconf 89' lang='lat' dir='ltr'>ac</span> 
     </span>
     <span class='ocr_line' id='line_1_31' title="bbox 194 2498 1818 2554; baseline 0 -15"><span class='ocrx_word' id='word_1_246' title='bbox 194 2499 468 2554; x_wconf 84' lang='lat' dir='ltr'>instigand03</span> <span class='ocrx_word' id='word_1_247' title='bbox 502 2499 631 2541; x_wconf 89' lang='lat' dir='ltr'>cuius</span> <span class='ocrx_word' id='word_1_248' title='bbox 661 2499 723 2542; x_wconf 91' lang='lat' dir='ltr'>rei</span> <span class='ocrx_word' id='word_1_249' title='bbox 754 2500 897 2554; x_wconf 77' lang='lat' dir='ltr'>giatia</span> <span class='ocrx_word' id='word_1_250' title='bbox 930 2501 1080 2554; x_wconf 88' lang='lat' dir='ltr'>plures</span> <span class='ocrx_word' id='word_1_251' title='bbox 1111 2501 1261 2543; x_wconf 89' lang='lat' dir='ltr'>literas</span> <span class='ocrx_word' id='word_1_252' title='bbox 1289 2500 1412 2543; x_wconf 91' lang='lat' dir='ltr'>dedit</span> <span class='ocrx_word' id='word_1_253' title='bbox 1441 2499 1732 2542; x_wconf 89' lang='lat' dir='ltr'>Monachium</span> <span class='ocrx_word' id='word_1_254' title='bbox 1765 2498 1818 2540; x_wconf 93' lang='lat' dir='ltr'>ad</span> 
     </span>
     <span class='ocr_line' id='line_1_32' title="bbox 196 2575 1835 2636; baseline 0.001 -21"><span class='ocrx_word' id='word_1_255' title='bbox 196 2576 365 2618; x_wconf 85' lang='lat' dir='ltr'>Ilmam.</span> <span class='ocrx_word' id='word_1_256' title='bbox 403 2575 631 2629; x_wconf 89' lang='lat' dir='ltr'>antiquam</span> <span class='ocrx_word' id='word_1_257' title='bbox 667 2576 910 2626; x_wconf 83' lang='lat' dir='ltr'>ducissam,</span> <span class='ocrx_word' id='word_1_258' title='bbox 949 2576 1184 2631; x_wconf 89' lang='lat' dir='ltr'>ipsumque</span> <span class='ocrx_word' id='word_1_259' title='bbox 1213 2578 1390 2628; x_wconf 89' lang='lat' dir='ltr'>ducem,</span> <span class='ocrx_word' id='word_1_260' title='bbox 1422 2577 1751 2626; x_wconf 79' lang='lat' dir='ltr'>cancellarium,</span> <span class='ocrx_word' id='word_1_261' title='bbox 1777 2581 1835 2636; x_wconf 38' lang='lat' dir='ltr'>et·</span> 
     </span>
     <span class='ocr_line' id='line_1_33' title="bbox 196 2651 1818 2707; baseline 0.001 -15"><span class='ocrx_word' id='word_1_262' title='bbox 196 2651 308 2693; x_wconf 86' lang='lat' dir='ltr'>alios</span> <span class='ocrx_word' id='word_1_263' title='bbox 337 2651 412 2706; x_wconf 91' lang='lat' dir='ltr'>qui</span> <span class='ocrx_word' id='word_1_264' title='bbox 442 2651 760 2705; x_wconf 87' lang='lat' dir='ltr'>impedimenta</span> <span class='ocrx_word' id='word_1_265' title='bbox 790 2652 962 2693; x_wconf 91' lang='lat' dir='ltr'>amoliri</span> <span class='ocrx_word' id='word_1_266' title='bbox 990 2660 1034 2694; x_wconf 89' lang='lat' dir='ltr'>et</span> <span class='ocrx_word' id='word_1_267' title='bbox 1068 2653 1301 2705; x_wconf 79' lang='lat' dir='ltr'>negotium</span> <span class='ocrx_word' id='word_1_268' title='bbox 1332 2663 1535 2695; x_wconf 89' lang='lat' dir='ltr'>nostrum</span> <span class='ocrx_word' id='word_1_269' title='bbox 1560 2664 1818 2707; x_wconf 84' lang='lat' dir='ltr'>promouere</span> 
     </span>
     <span class='ocr_line' id='line_1_34' title="bbox 197 2729 1818 2785; baseline 0 -16"><span class='ocrx_word' id='word_1_270' title='bbox 197 2736 394 2782; x_wconf 86' lang='lat' dir='ltr'>possent.</span> <span class='ocrx_word' id='word_1_271' title='bbox 417 2729 520 2783; x_wconf 76' lang='lat' dir='ltr'>Qua</span> <span class='ocrx_word' id='word_1_272' title='bbox 543 2729 715 2772; x_wconf 91' lang='lat' dir='ltr'>ratione</span> <span class='ocrx_word' id='word_1_273' title='bbox 738 2730 877 2771; x_wconf 89' lang='lat' dir='ltr'>multa</span> <span class='ocrx_word' id='word_1_274' title='bbox 900 2737 1004 2771; x_wconf 88' lang='lat' dir='ltr'>sunt</span> <span class='ocrx_word' id='word_1_275' title='bbox 1028 2730 1263 2773; x_wconf 91' lang='lat' dir='ltr'>commoda</span> <span class='ocrx_word' id='word_1_276' title='bbox 1281 2737 1577 2785; x_wconf 88' lang='lat' dir='ltr'>consequuta.</span> <span class='ocrx_word' id='word_1_277' title='bbox 1600 2730 1715 2772; x_wconf 88' lang='lat' dir='ltr'>Nam</span> <span class='ocrx_word' id='word_1_278' title='bbox 1735 2731 1818 2770; x_wconf 90' lang='lat' dir='ltr'>hoc</span> 
     </span>
     <span class='ocr_line' id='line_1_35' title="bbox 196 2805 1817 2860; baseline 0 -15"><span class='ocrx_word' id='word_1_279' title='bbox 196 2805 331 2846; x_wconf 91' lang='lat' dir='ltr'>modo</span> <span class='ocrx_word' id='word_1_280' title='bbox 354 2805 523 2846; x_wconf 88' lang='lat' dir='ltr'>domini</span> <span class='ocrx_word' id='word_1_281' title='bbox 548 2805 606 2846; x_wconf 86' lang='lat' dir='ltr'>illi</span> <span class='ocrx_word' id='word_1_282' title='bbox 632 2820 778 2848; x_wconf 90' lang='lat' dir='ltr'>rerum</span> <span class='ocrx_word' id='word_1_283' title='bbox 803 2807 1017 2849; x_wconf 89' lang='lat' dir='ltr'>authores</span> <span class='ocrx_word' id='word_1_284' title='bbox 1041 2806 1085 2847; x_wconf 94' lang='lat' dir='ltr'>in</span> <span class='ocrx_word' id='word_1_285' title='bbox 1109 2806 1236 2860; x_wconf 89' lang='lat' dir='ltr'>primi</span> <span class='ocrx_word' id='word_1_286' title='bbox 1260 2807 1342 2848; x_wconf 89' lang='lat' dir='ltr'>zeli</span> <span class='ocrx_word' id='word_1_287' title='bbox 1368 2808 1544 2850; x_wconf 88' lang='lat' dir='ltr'>feruore</span> <span class='ocrx_word' id='word_1_288' title='bbox 1568 2805 1817 2848; x_wconf 89' lang='lat' dir='ltr'>conseruati</span> 
     </span>
     <span class='ocr_line' id='line_1_36' title="bbox 196 2881 1815 2938; baseline 0.003 -18"><span class='ocrx_word' id='word_1_289' title='bbox 196 2889 317 2931; x_wconf 87' lang='lat' dir='ltr'>sunt,</span> <span class='ocrx_word' id='word_1_290' title='bbox 343 2888 387 2924; x_wconf 86' lang='lat' dir='ltr'>et</span> <span class='ocrx_word' id='word_1_291' title='bbox 411 2882 465 2923; x_wconf 90' lang='lat' dir='ltr'>ad</span> <span class='ocrx_word' id='word_1_292' title='bbox 489 2881 655 2924; x_wconf 90' lang='lat' dir='ltr'>maiora</span> <span class='ocrx_word' id='word_1_293' title='bbox 679 2884 898 2936; x_wconf 86' lang='lat' dir='ltr'>pluraque</span> <span class='ocrx_word' id='word_1_294' title='bbox 920 2883 1101 2925; x_wconf 82' lang='lat' dir='ltr'>excitati</span> <span class='ocrx_word' id='word_1_295' title='bbox 1125 2890 1245 2925; x_wconf 91' lang='lat' dir='ltr'>sunt.</span> <span class='ocrx_word' id='word_1_296' title='bbox 1280 2885 1434 2938; x_wconf 74' lang='lat' dir='ltr'>Quare</span> <span class='ocrx_word' id='word_1_297' title='bbox 1471 2883 1668 2926; x_wconf 88' lang='lat' dir='ltr'>animum</span> <span class='ocrx_word' id='word_1_298' title='bbox 1693 2881 1815 2925; x_wconf 88' lang='lat' dir='ltr'>adie-</span> 
     </span>
    </p>
   </div>
   <div class='ocr_carea' id='block_1_5' title="bbox 265 3046 1199 3092">
    <p class='ocr_par' dir='ltr' id='par_1_9' title="bbox 265 3046 1199 3092">
     <span class='ocr_line' id='line_1_37' title="bbox 265 3046 1199 3092; baseline 0.003 -12"><span class='ocrx_word' id='word_1_299' title='bbox 265 3047 277 3065; x_wconf 55' lang='grc' dir='ltr'><em>Ἰ</em></span> <span class='ocrx_word' id='word_1_300' title='bbox 328 3046 386 3081; x_wconf 85' lang='lat' dir='ltr'>Cf.</span> <span class='ocrx_word' id='word_1_301' title='bbox 411 3046 758 3089; x_wconf 72' lang='lat' dir='ltr'>commentariola,</span> <span class='ocrx_word' id='word_1_302' title='bbox 781 3048 827 3082; x_wconf 91' lang='lat' dir='ltr'>ad</span> <span class='ocrx_word' id='word_1_303' title='bbox 846 3060 934 3083; x_wconf 83' lang='lat' dir='ltr'>ann.</span> <span class='ocrx_word' id='word_1_304' title='bbox 959 3056 1058 3092; x_wconf 67' lang='lat'>1572,</span> <span class='ocrx_word' id='word_1_305' title='bbox 1084 3060 1119 3083; x_wconf 89' lang='lat' dir='ltr'>n.</span> <span class='ocrx_word' id='word_1_306' title='bbox 1144 3056 1199 3092; x_wconf 89' lang='lat'>27.</span> 
     </span>
    </p>
   </div>
  </div>
 </body>
</html>
