1891 3292
595 200 1132 246 COMMENTAmOLA.—1569
1557 214 1623 249 701

39 306 93 349 ad
117 302 386 345 visitandam
407 302 686 357 prouinciam
708 303 1053 353 Longobardiae
1073 307 1321 359 protectus,
1345 313 1440 347 toto
1461 307 1552 349 fere
1571 307 1673 348 anni

40 363 210 418 reliquo
235 369 435 417 tempore
458 376 512 404 eo
536 361 685 403 officio
709 362 894 403 functus
917 371 998 405 est

125 434 196 465 21.
263 422 381 463 Cum
403 423 453 463 P.
476 422 686 476 Angelus
706 421 980 474 Paradisius,
1002 422 1076 476 qui
1098 430 1300 477 praeerat
1318 423 1371 465 iis
1394 424 1605 466 Patribus
1623 439 1674 467 ac

40 481 253 525 fratribus
286 480 453 522 nostris
488 480 563 546 qui
598 479 777 522 Brixiae
812 488 991 523 nostrae
1022 482 1236 524 Societati
1270 497 1318 525 se
1351 483 1672 535 adiunxerunt,

38 548 142 584 ante
170 540 431 582 huiusmodi
461 539 688 589 vnionem,
725 553 813 579 nori
844 553 891 580 se
925 540 980 580 ad
1011 548 1208 582 nostram
1240 541 1423 583 viuendi
1455 517 1672 584 rationerri

38 599 367 650 accomodaret,
394 613 472 654 per
511 597 785 639 visitatorem
824 599 1100 652 praedictum
1125 601 1336 642 effectum
1366 609 1430 654 vt,
1467 617 1491 643 a
1522 602 1672 645 Socie-

39 666 131 702 tate
154 659 410 711 discedens,
438 657 638 711 quietum
664 657 907 711 collegium
931 657 1218 711 relinqueret.

127 729 198 760 22.
265 718 395 769 Cum,
429 723 607 758 mortuo
640 714 852 770 episcopo
877 717 1111 768 Canariae,
1145 718 1220 771 qui
1252 726 1430 760 nostros
1453 733 1606 762 secum
1631 720 1674 760 in

38 778 208 820 insulas
262 776 358 818 illas
396 777 666 825 adduxerat,
708 774 763 816 de
803 775 949 817 reditu
988 785 1193 832 agerent,
1240 777 1594 819 ecclesiasticum
1630 786 1673 821 et

38 837 240 880 seculare
278 835 526 890 capitulum
570 835 637 876 vel
662 834 957 888 congregatio
981 834 1195 889 impedire
1223 836 1268 877 id
1296 838 1595 888 conabantur,
1631 848 1675 881 et

38 896 92 938 de
110 895 393 937 institutione
411 893 605 948 collegii,
628 894 682 934 ad
701 907 835 947 quam
856 894 1118 936 demortuus
1135 895 1372 949 episcopus
1390 896 1538 949 aliqua
1557 897 1675 939 bona

38 955 294 1009 reliquerat,
322 954 438 996 serio
462 954 677 1008 agebant3
704 952 783 994 sed
814 952 899 993 alio
929 953 1140 1007 episcopo
1169 967 1221 995 eo
1252 956 1467 1008 profecto,
1497 955 1573 1009 qui
1598 970 1673 997 no—

38 1022 234 1056 strorum
258 1027 439 1068 operam
464 1027 554 1054 non
581 1012 642 1053 ita
665 1012 916 1066 expetebat,
944 1018 989 1052 vt
1009 1012 1203 1055 redirent
1222 1013 1405 1055 omnino
1424 1014 1510 1055 illis
1529 1014 1675 1055 iniun-

38 1080 160 1116 ctum
184 1080 269 1126 est;
298 1074 416 1115 vnde
439 1086 540 1114 cum
573 1084 740 1125 magno
769 1071 922 1113 dolore
952 1078 995 1111 et
1025 1072 1252 1113 lachrimis
1282 1073 1594 1127 plurimorum,
1630 1073 1673 1115 in

39 1132 303 1187 Hispaniam
332 1131 473 1173 nostri
499 1130 744 1174 redierunt.

128 1203 199 1245 23.
266 1191 350 1233 Die
375 1189 446 1233 (La
471 1190 576 1233 Maii
601 1189 773 1243 aliquas
791 1189 975 1244 gratias,
998 1203 1069 1232 me
1093 1197 1288 1243 petente,
1309 1205 1513 1233 summus
1531 1191 1674 1246 ponti-

40 1252 112 1294 fex
151 1250 389 1302 concessit,
428 1264 543 1304 quae
573 1248 677 1291 alibi
705 1248 957 1290 videantur.
992 1248 1141 1290 Pridie
1175 1249 1271 1291 eius
1300 1250 1402 1302 diei,
1439 1252 1489 1293 P.
1523 1258 1677 1294 noster

38 1310 320 1366 praepositus
343 1310 399 1351 ad
421 1323 594 1351 sacram
617 1309 773 1351 aedem
799 1309 1076 1349 lauretanam
1100 1322 1202 1350 cum
1223 1308 1422 1362 reliquiis
1447 1324 1555 1351 suae
1578 1310 1674 1352 diu-

39 1377 198 1412 turnae
229 1369 364 1411 febris
413 1383 461 1412 se
490 1369 744 1420 conferens,
776 1366 1013 1409 sanitatem
1049 1374 1092 1409 et
1123 1368 1477 1411 consolationem
1508 1368 1674 1411 ibidem

39 1443 127 1471 non
150 1428 438 1479 mediocrem,
475 1427 744 1482 impetrante
776 1426 1033 1469 beatissima
1058 1426 1260 1481 Virgine,
1286 1435 1564 1470 consecutus
1588 1436 1672 1480 est;

38 1495 82 1531 et
107 1495 212 1530 voto
235 1488 430 1542 expleto,
457 1487 614 1528 eodem
639 1500 793 1528 mense
821 1487 1008 1527 Romam
1034 1485 1178 1528 rediit.

128 1559 199 1600 24.
265 1547 350 1590 Die
379 1559 425 1589 11
455 1546 561 1588 Maii
584 1559 687 1587 cum
714 1547 765 1588 P.
802 1545 1060 1587 Euerardus
1089 1545 1219 1587 simul
1250 1559 1352 1587 cum
1384 1547 1433 1588 P.
1468 1546 1675 1589 Posseui-

39 1621 98 1648 no
131 1606 492 1649 benedictionem
530 1604 757 1660 pontificis
787 1604 1089 1646 obtinuissent
1137 1604 1180 1645 in
1210 1605 1381 1647 Gallias
1411 1605 1674 1659 profecturi,

39 1665 147 1708 alias
172 1666 411 1708 facultates
433 1673 478 1707 et
500 1664 669 1720 gratias
693 1665 767 1717 (de
791 1664 956 1718 quibus
985 1664 1107 1715 alibi)
1131 1664 1264 1706 etiam
1295 1664 1606 1719 obtinuerunt,
1634 1674 1678 1706 et

40 1725 95 1767 ad
125 1725 373 1767 visitandas
402 1724 660 1780 prouincias
693 1723 790 1765 illas
820 1723 1094 1777 Aquitaniae
1122 1730 1166 1764 et
1196 1724 1412 1765 Franciae
1442 1737 1492 1765 se
1515 1731 1676 1766 contu-

41 1786 205 1827 lerunt.

130 1854 201 1898 25.
270 1842 423 1885 Huius
444 1842 561 1885 veris
583 1841 709 1883 initio
727 1842 771 1883 in
791 1841 955 1897 oppido
972 1842 1042 1884 del
1063 1841 1217 1894 Villar,
1244 1841 1319 1883 vbi
1338 1843 1498 1883 domus
1516 1844 1676 1897 proba—

42 1902 174 1945 tionis
197 1911 265 1945 est
295 1902 517 1953 instituta,
551 1902 706 1943 schola
735 1902 869 1944 etiam
904 1916 990 1943 vna
1023 1901 1215 1944 docendi
1244 1916 1410 1956 pueros
1444 1902 1598 1956 legere
1634 1910 1679 1944 et

41 1962 257 2014 scribere,
283 1962 408 2003 iuxta
432 1968 561 2015 pacta
584 1968 738 2016 aperta
759 1969 842 2003 est.

129 2022 200 2064 26.
268 2021 398 2063 Initio
432 2020 545 2063 lunii
578 2020 818 2062 cardinalis
851 2019 1060 2062 Alciatus
1092 2019 1224 2061 simul
1254 2033 1357 2061 cum
1393 2021 1450 2062 D.
1489 2020 1677 2062 Nicolao

43 2081 295 2124 Ormaneto
355 2081 537 2121 domum
576 2086 774 2121 nostram
815 2086 1050 2130 venerunt,
1090 2087 1133 2121 et
1168 2079 1395 2133 pontificis
1434 2079 1615 2121 nomine
1653 2095 1677 2122 a

45 2141 95 2182 P.
122 2139 323 2195 generali
344 2140 645 2194 postularunt,
667 2147 714 2180 vt
733 2138 1104 2194 poenitentiariae
1128 2137 1202 2182 S.ti
1222 2139 1343 2181 Petri
1362 2145 1516 2180 curam
1535 2139 1677 2180 susci-

44 2208 183 2254 peret3
210 2208 254 2242 et
277 2214 380 2241 cum
405 2199 544 2241 verbo
568 2206 612 2241 et
637 2198 816 2253 scriptis
839 2199 895 2241 ad
916 2197 960 2239 id
985 2197 1184 2240 muneris
1213 2198 1533 2250 recusandum,
1568 2199 1678 2240 mul-

45 2266 115 2302 tae
137 2259 333 2301 rationes
356 2257 516 2300 diebus
545 2258 843 2312 sequentibus
872 2264 1024 2300 essent
1054 2257 1228 2308 allatae,
1259 2258 1440 2299 demum
1473 2258 1680 2300 Alciatus

43 2317 288 2361 bibendum
312 2332 413 2361 esse
435 2317 622 2359 calicem
646 2319 790 2369 hunc,
811 2324 1050 2371 postquam
1074 2316 1237 2358 summi
1267 2316 1492 2371 pontificis
1522 2317 1677 2358 volun·

45 2384 181 2420 tatem
207 2377 440 2428 intellexit,
465 2376 633 2419 retulit.

132 2448 203 2490 27.
272 2436 356 2479 Die
378 2435 448 2478 6.st
472 2437 586 2478 Iunii
621 2435 832 2491 primaria
861 2435 1024 2476 domus
1053 2433 1335 2489 probationis
1363 2435 1418 2477 ad
1449 2434 1554 2477 Diui
1586 2436 1678 2476 An-

45 2495 178 2540 dreae
215 2495 260 2537 in
298 2495 523 2551 Quirinali
557 2497 713 2538 Monte
746 2495 954 2536 instituta
987 2501 1070 2544 est;
1107 2501 1151 2535 et
1188 2493 1286 2536 eius
1319 2494 1592 2549 praefectus,
1628 2507 1679 2535 ac

45 2556 298 2609 praedictae
321 2556 483 2597 domus
505 2563 675 2604 rector,
706 2556 756 2598 P.
784 2555 1005 2596 Alfonsus
1030 2552 1165 2606 Ruiz,
1192 2566 1246 2594 eo
1269 2567 1323 2595 ex
1354 2553 1487 2595 domo
1512 2553 1677 2606 profes-

46 2629 194 2656 sorum
218 2628 322 2656 cum
347 2614 539 2656 nouiciis
562 2613 794 2669 migrauit;
821 2613 1089 2656 secundaria
1119 2620 1269 2655 tamen
1296 2611 1571 2666 probationis
1603 2611 1680 2653 do-

47 2688 160 2728 mus,
186 2674 250 2716 vti
274 2674 446 2716 solebat
470 2687 568 2716 esse
591 2673 753 2715 domus
779 2674 829 2715 B.
858 2672 1086 2724 Andreae,
1108 2671 1193 2712 sub
1214 2672 1288 2713 pf
1306 2671 1417 2713 Iulio
1436 2670 1680 2714 Mancinel-

46 2733 103 2788 lo,
131 2734 376 2788 praefectO,
402 2732 556 2774 domui
580 2733 886 2788 professorum
912 2730 1155 2772 coniuncta
1179 2730 1333 2772 relicta
1356 2737 1440 2773 est.

135 2793 206 2835 28.
272 2793 390 2834 Cum
416 2793 467 2834 P.
494 2789 699 2847 ignatius
721 2792 777 2834 de
800 2790 1034 2841 Acebedo,
1059 2789 1263 2831 visitator
1287 2789 1539 2841 Brassiliae,
1560 2795 1605 2830 vt
1624 2788 1680 2831 de

50 2852 183 2894 rebus
205 2851 323 2893 illius
348 2850 607 2906 prouinciae
630 2850 847 2893 rationem
867 2849 1086 2900 redderet,
1106 2849 1190 2889 sub
1208 2848 1343 2892 finem
1368 2848 1474 2891 Maii
1493 2850 1680 2890 Romam

50 2911 345 2965 peruenisset,
373 2911 508 2952 rebus
537 2924 640 2952 cum
674 2908 875 2964 generali
899 2906 1185 2962 compositiS,
1211 2914 1255 2951 et
1288 2907 1440 2950 multis
1468 2907 1626 2962 gratiis
1657 2921 1683 2948 a

50 2984 224 3012 summo
247 2969 461 3025 pontifice
484 2969 734 3024 impetratis
751 2968 887 3021 (inter
906 2980 1018 3020 quas
1036 2966 1315 3009 declaratum
1338 2973 1407 3009 est
1429 2966 1680 3009 concessio-

39 3043 130 3072 nes
152 3029 304 3072 Indiae
328 3030 493 3080 factas,
526 3029 581 3070 ad
613 3026 870 3070 Brassiliam
901 3039 948 3068 se
972 3025 1248 3081 extendere),
1273 3026 1358 3069 sub
1381 3026 1517 3069 finem
1547 3025 1679 3082 Iunii,
