<?xml version="1.0" encoding="UTF-8"?>
<!DOCTYPE html PUBLIC "-//W3C//DTD XHTML 1.0 Transitional//EN"
    "http://www.w3.org/TR/xhtml1/DTD/xhtml1-transitional.dtd">
<html xmlns="http://www.w3.org/1999/xhtml" xml:lang="en" lang="en">
 <head>
  <title>
</title>
<meta http-equiv="Content-Type" content="text/html;charset=utf-8" />
  <meta name='ocr-system' content='tesseract 3.04.00' />
  <meta name='ocr-capabilities' content='ocr_page ocr_carea ocr_par ocr_line ocrx_word'/>
</head>
<body>
  <div class='ocr_page' id='page_1' title='image "./polancicomplemen07pola_0335.png"; bbox 0 0 1891 3292; ppageno 0'>
   <div class='ocr_carea' id='block_1_1' title="bbox 536 183 1628 229">
    <p class='ocr_par' dir='ltr' id='par_1_1' title="bbox 536 183 1628 229">
     <span class='ocr_line' id='line_1_1' title="bbox 536 183 1628 229; baseline 0 -12"><span class='ocrx_word' id='word_1_1' title='bbox 536 184 674 217; x_wconf 76' lang='lat' dir='ltr'>E121ST.</span> <span class='ocrx_word' id='word_1_2' title='bbox 695 192 871 218; x_wconf 85' lang='lat'>220.-11</span> <span class='ocrx_word' id='word_1_3' title='bbox 904 184 1055 218; x_wconf 81' lang='lat' dir='ltr'><strong>MARTH</strong></span> <span class='ocrx_word' id='word_1_4' title='bbox 1089 194 1176 229; x_wconf 82' lang='lat'>1575</span> <span class='ocrx_word' id='word_1_5' title='bbox 1560 183 1628 217; x_wconf 85' lang='lat'>313</span> 
     </span>
    </p>
   </div>
   <div class='ocr_carea' id='block_1_2' title="bbox 42 283 1675 804">
    <p class='ocr_par' dir='ltr' id='par_1_2' title="bbox 42 283 1675 804">
     <span class='ocr_line' id='line_1_2' title="bbox 43 283 1675 344; baseline -0.004 -13"><span class='ocrx_word' id='word_1_6' title='bbox 43 298 85 333; x_wconf 85' lang='lat' dir='ltr'>et</span> <span class='ocrx_word' id='word_1_7' title='bbox 106 286 230 344; x_wconf 77' lang='lat' dir='ltr'>potra</span> <span class='ocrx_word' id='word_1_8' title='bbox 253 299 375 328; x_wconf 82' lang='lat' dir='ltr'>esser</span> <span class='ocrx_word' id='word_1_9' title='bbox 397 285 484 327; x_wconf 88' lang='grc'><strong>6116</strong></span> <span class='ocrx_word' id='word_1_10' title='bbox 513 299 602 326; x_wconf 90' lang='lat' dir='ltr'>non</span> <span class='ocrx_word' id='word_1_11' title='bbox 626 283 725 325; x_wconf 68' lang='lat' dir='ltr'>sara</span> <span class='ocrx_word' id='word_1_12' title='bbox 749 284 936 325; x_wconf 84' lang='lat' dir='ltr'>l&#39;ultimo</span> <span class='ocrx_word' id='word_1_13' title='bbox 968 285 1147 327; x_wconf 84' lang='lat' dir='ltr'>fastidio</span> <span class='ocrx_word' id='word_1_14' title='bbox 1177 286 1263 327; x_wconf 87' lang='lat' dir='ltr'>che</span> <span class='ocrx_word' id='word_1_15' title='bbox 1286 283 1488 328; x_wconf 75' lang='lat' dir='ltr'>riceuera</span> <span class='ocrx_word' id='word_1_16' title='bbox 1522 284 1577 325; x_wconf 89' lang='lat' dir='ltr'>da</span> <span class='ocrx_word' id='word_1_17' title='bbox 1600 283 1675 325; x_wconf 91' lang='lat' dir='ltr'>noi</span> 
     </span>
     <span class='ocr_line' id='line_1_3' title="bbox 43 360 1297 419; baseline -0.005 -11"><span class='ocrx_word' id='word_1_18' title='bbox 43 366 83 408; x_wconf 90' lang='lat' dir='ltr'>in</span> <span class='ocrx_word' id='word_1_19' title='bbox 106 370 263 419; x_wconf 87' lang='lat' dir='ltr'>questa</span> <span class='ocrx_word' id='word_1_20' title='bbox 289 361 518 404; x_wconf 80' lang='lat' dir='ltr'>missione.</span> <span class='ocrx_word' id='word_1_21' title='bbox 546 361 601 403; x_wconf 92' lang='lat' dir='ltr'>Di</span> <span class='ocrx_word' id='word_1_22' title='bbox 627 361 788 415; x_wconf 85' lang='lat' dir='ltr'>Napoli</span> <span class='ocrx_word' id='word_1_23' title='bbox 813 360 840 401; x_wconf 87' lang='lat' dir='ltr'>li</span> <span class='ocrx_word' id='word_1_24' title='bbox 868 371 890 414; x_wconf 88' lang='lat'><strong>5</strong></span> <span class='ocrx_word' id='word_1_25' title='bbox 916 362 957 401; x_wconf 84' lang='lat' dir='ltr'>di</span> <span class='ocrx_word' id='word_1_26' title='bbox 987 363 1139 403; x_wconf 84' lang='lat' dir='ltr'>Marzo</span> <span class='ocrx_word' id='word_1_27' title='bbox 1171 372 1297 416; x_wconf 85' lang='lat'>1575.</span> 
     </span>
     <span class='ocr_line' id='line_1_4' title="bbox 128 438 710 488; baseline -0.007 -6"><span class='ocrx_word' id='word_1_28' title='bbox 128 441 193 483; x_wconf 91' lang='lat' dir='ltr'>De</span> <span class='ocrx_word' id='word_1_29' title='bbox 216 440 271 481; x_wconf 89' lang='lat' dir='ltr'>V.</span> <span class='ocrx_word' id='word_1_30' title='bbox 302 440 351 481; x_wconf 78' lang='lat' dir='ltr'>R.</span> <span class='ocrx_word' id='word_1_31' title='bbox 380 453 515 480; x_wconf 87' lang='lat' dir='ltr'>seruo</span> <span class='ocrx_word' id='word_1_32' title='bbox 539 438 582 479; x_wconf 90' lang='lat' dir='ltr'>in</span> <span class='ocrx_word' id='word_1_33' title='bbox 609 438 710 488; x_wconf 87' lang='lat' dir='ltr'>X.⁰,</span> 
     </span>
     <span class='ocr_line' id='line_1_5' title="bbox 753 515 1437 570; baseline 0.004 -14"><span class='ocrx_word' id='word_1_34' title='bbox 753 515 783 570; x_wconf 83' lang='lat'><strong>†</strong></span> <span class='ocrx_word' id='word_1_35' title='bbox 807 516 998 570; x_wconf 80' lang='lat' dir='ltr'>JOANNE</span> <span class='ocrx_word' id='word_1_36' title='bbox 1034 529 1094 556; x_wconf 84' lang='lat' dir='ltr'>DE</span> <span class='ocrx_word' id='word_1_37' title='bbox 1134 517 1374 559; x_wconf 66' lang='lat' dir='ltr'>PoLANCO.</span> <span class='ocrx_word' id='word_1_38' title='bbox 1410 516 1437 570; x_wconf 76' lang='lat'>†</span> 
     </span>
     <span class='ocr_line' id='line_1_6' title="bbox 129 591 1674 647; baseline -0.001 -11"><span class='ocrx_word' id='word_1_39' title='bbox 129 593 386 647; x_wconf 75' lang='lat' dir='ltr'>InscriptiO.</span> <span class='ocrx_word' id='word_1_40' title='bbox 409 592 436 647; x_wconf 75' lang='lat'><strong>†</strong></span> <span class='ocrx_word' id='word_1_41' title='bbox 458 593 514 634; x_wconf 84' lang='lat' dir='ltr'>Al</span> <span class='ocrx_word' id='word_1_42' title='bbox 539 593 677 633; x_wconf 88' lang='lat' dir='ltr'>molto</span> <span class='ocrx_word' id='word_1_43' title='bbox 704 592 818 633; x_wconf 85' lang='lat' dir='ltr'>Rdo.</span> <span class='ocrx_word' id='word_1_44' title='bbox 845 591 888 631; x_wconf 90' lang='lat' dir='ltr'>in</span> <span class='ocrx_word' id='word_1_45' title='bbox 910 591 994 632; x_wconf 82' lang='lat' dir='ltr'>X.⁰</span> <span class='ocrx_word' id='word_1_46' title='bbox 1022 592 1182 640; x_wconf 84' lang='lat' dir='ltr'>Padre,</span> <span class='ocrx_word' id='word_1_47' title='bbox 1211 592 1238 631; x_wconf 88' lang='lat' dir='ltr'>il</span> <span class='ocrx_word' id='word_1_48' title='bbox 1265 593 1314 633; x_wconf 83' lang='grc' dir='ltr'>Ρ.</span> <span class='ocrx_word' id='word_1_49' title='bbox 1345 592 1546 633; x_wconf 87' lang='lat' dir='ltr'>Antonio</span> <span class='ocrx_word' id='word_1_50' title='bbox 1568 594 1674 634; x_wconf 84' lang='lat' dir='ltr'>Pos-</span> 
     </span>
     <span class='ocr_line' id='line_1_7' title="bbox 42 668 1388 723; baseline -0.007 -5"><span class='ocrx_word' id='word_1_51' title='bbox 42 673 210 721; x_wconf 84' lang='lat' dir='ltr'>seuino,</span> <span class='ocrx_word' id='word_1_52' title='bbox 237 669 482 712; x_wconf 81' lang='lat' dir='ltr'>secretario</span> <span class='ocrx_word' id='word_1_53' title='bbox 505 669 622 711; x_wconf 89' lang='lat' dir='ltr'>della</span> <span class='ocrx_word' id='word_1_54' title='bbox 647 668 933 722; x_wconf 73' lang='lat' dir='ltr'>Compagnia</span> <span class='ocrx_word' id='word_1_55' title='bbox 958 669 1014 710; x_wconf 90' lang='lat' dir='ltr'>de</span> <span class='ocrx_word' id='word_1_56' title='bbox 1032 670 1157 723; x_wconf 67' lang='lat' dir='ltr'>Jesh,</span> <span class='ocrx_word' id='word_1_57' title='bbox 1185 683 1209 708; x_wconf 94' lang='lat' dir='ltr'>a</span> <span class='ocrx_word' id='word_1_58' title='bbox 1235 670 1388 709; x_wconf 80' lang='lat' dir='ltr'>Roma.</span> 
     </span>
     <span class='ocr_line' id='line_1_8' title="bbox 126 747 574 804; baseline -0.002 -14"><span class='ocrx_word' id='word_1_59' title='bbox 126 747 282 804; x_wconf 63' lang='lat' dir='ltr'>sigilli</span> <span class='ocrx_word' id='word_1_60' title='bbox 305 747 574 800; x_wconf 69' lang='lat' dir='ltr'>vestigium.</span> 
     </span>
    </p>
   </div>
   <div class='ocr_carea' id='block_1_3' title="bbox 469 974 1247 1114">
    <p class='ocr_par' dir='ltr' id='par_1_3' title="bbox 469 974 1247 1114">
     <span class='ocr_line' id='line_1_9' title="bbox 469 974 1247 1014; baseline -0.001 -2"><span class='ocrx_word' id='word_1_61' title='bbox 469 976 792 1014; x_wconf 80' lang='lat' dir='ltr'>POLANCUS</span> <span class='ocrx_word' id='word_1_62' title='bbox 838 974 1247 1011; x_wconf 83' lang='lat' dir='ltr'><strong>MERCURIANO</strong></span> 
     </span>
     <span class='ocr_line' id='line_1_10' title="bbox 549 1072 1156 1114; baseline -0.003 -8"><span class='ocrx_word' id='word_1_63' title='bbox 549 1081 734 1107; x_wconf 77' lang='lat' dir='ltr'><strong>NEAPOLI</strong></span> <span class='ocrx_word' id='word_1_64' title='bbox 764 1080 800 1105; x_wconf 91' lang='lat'>11</span> <span class='ocrx_word' id='word_1_65' title='bbox 833 1080 982 1106; x_wconf 74' lang='lat' dir='ltr'><strong>MARTII</strong></span> <span class='ocrx_word' id='word_1_66' title='bbox 1013 1078 1100 1114; x_wconf 79' lang='lat'>1575</span> <span class='ocrx_word' id='word_1_67' title='bbox 1128 1072 1156 1104; x_wconf 85' lang='lat'>¹.</span> 
     </span>
    </p>
   </div>
   <div class='ocr_carea' id='block_1_4' title="bbox 15 1165 1685 2576">
    <p class='ocr_par' dir='ltr' id='par_1_4' title="bbox 43 1165 1677 1393">
     <span class='ocr_line' id='line_1_11' title="bbox 43 1165 1676 1211; baseline -0.006 -5"><span class='ocrx_word' id='word_1_68' title='bbox 43 1179 73 1207; x_wconf 84' lang='grc' dir='ltr'>Ι.</span> <span class='ocrx_word' id='word_1_69' title='bbox 94 1169 171 1205; x_wconf 79' lang='lat' dir='ltr'>Cur</span> <span class='ocrx_word' id='word_1_70' title='bbox 196 1170 373 1203; x_wconf 82' lang='lat' dir='ltr'>nondum</span> <span class='ocrx_word' id='word_1_71' title='bbox 393 1180 430 1202; x_wconf 84' lang='lat' dir='ltr'>se</span> <span class='ocrx_word' id='word_1_72' title='bbox 458 1168 701 1202; x_wconf 82' lang='lat' dir='ltr'><em>commiserit</em></span> <span class='ocrx_word' id='word_1_73' title='bbox 722 1168 911 1202; x_wconf 56' lang='lat' dir='ltr'>victa—2.</span> <span class='ocrx_word' id='word_1_74' title='bbox 946 1166 1207 1199; x_wconf 70' lang='lat' dir='ltr'>Cardinalem</span> <span class='ocrx_word' id='word_1_75' title='bbox 1235 1168 1445 1211; x_wconf 73' lang='lat' dir='ltr'>proregem</span> <span class='ocrx_word' id='word_1_76' title='bbox 1472 1178 1494 1198; x_wconf 79' lang='grc' dir='ltr'>ιι</span> <span class='ocrx_word' id='word_1_77' title='bbox 1524 1177 1559 1199; x_wconf 79' lang='lat' dir='ltr'>se</span> <span class='ocrx_word' id='word_1_78' title='bbox 1586 1165 1676 1199; x_wconf 81' lang='lat' dir='ltr'>visi-</span> 
     </span>
     <span class='ocr_line' id='line_1_12' title="bbox 110 1225 1677 1273; baseline -0.004 -9"><span class='ocrx_word' id='word_1_79' title='bbox 110 1234 336 1272; x_wconf 76' lang='lat' dir='ltr'>tatum.—3.</span> <span class='ocrx_word' id='word_1_80' title='bbox 373 1228 483 1273; x_wconf 75' lang='lat' dir='ltr'>Opus</span> <span class='ocrx_word' id='word_1_81' title='bbox 517 1228 857 1262; x_wconf 75' lang='lat' dir='ltr'>hermeneuticunz</span> <span class='ocrx_word' id='word_1_82' title='bbox 881 1227 931 1260; x_wconf 82' lang='lat' dir='ltr'>P.</span> <span class='ocrx_word' id='word_1_83' title='bbox 960 1226 1212 1260; x_wconf 80' lang='lat' dir='ltr'>Salmeronis</span> <span class='ocrx_word' id='word_1_84' title='bbox 1231 1226 1386 1259; x_wconf 80' lang='lat' dir='ltr'>doctum</span> <span class='ocrx_word' id='word_1_85' title='bbox 1419 1229 1536 1269; x_wconf 75' lang='lat' dir='ltr'>alque</span> <span class='ocrx_word' id='word_1_86' title='bbox 1568 1225 1677 1258; x_wconf 69' lang='lat' dir='ltr'>utile:</span> 
     </span>
     <span class='ocr_line' id='line_1_13' title="bbox 111 1285 1677 1334; baseline -0.004 -11"><span class='ocrx_word' id='word_1_87' title='bbox 111 1292 258 1334; x_wconf 77' lang='lat' dir='ltr'><strong><em>oportet</em></strong></span> <span class='ocrx_word' id='word_1_88' title='bbox 287 1291 326 1321; x_wconf 82' lang='lat' dir='ltr'>ut</span> <span class='ocrx_word' id='word_1_89' title='bbox 353 1289 429 1322; x_wconf 77' lang='lat' dir='ltr'>cito</span> <span class='ocrx_word' id='word_1_90' title='bbox 456 1289 498 1321; x_wconf 81' lang='lat' dir='ltr'>in</span> <span class='ocrx_word' id='word_1_91' title='bbox 532 1288 658 1321; x_wconf 83' lang='lat' dir='ltr'>lucem</span> <span class='ocrx_word' id='word_1_92' title='bbox 692 1287 967 1331; x_wconf 57' lang='lat' dir='ltr'>prodam—4.</span> <span class='ocrx_word' id='word_1_93' title='bbox 1003 1286 1058 1319; x_wconf 79' lang='lat' dir='ltr'>De</span> <span class='ocrx_word' id='word_1_94' title='bbox 1090 1285 1188 1318; x_wconf 80' lang='lat' dir='ltr'>bello</span> <span class='ocrx_word' id='word_1_95' title='bbox 1216 1288 1357 1319; x_wconf 77' lang='lat' dir='ltr'>contra</span> <span class='ocrx_word' id='word_1_96' title='bbox 1384 1288 1520 1319; x_wconf 79' lang='lat' dir='ltr'>turcas</span> <span class='ocrx_word' id='word_1_97' title='bbox 1546 1285 1677 1318; x_wconf 67' lang='lat' dir='ltr'>mentiz</span> 
     </span>
     <span class='ocr_line' id='line_1_14' title="bbox 114 1349 258 1393; baseline 0.007 -10"><span class='ocrx_word' id='word_1_98' title='bbox 114 1349 258 1393; x_wconf 83' lang='lat' dir='ltr'><em>aliqui.</em></span> 
     </span>
    </p>

    <p class='ocr_par' dir='ltr' id='par_1_5' title="bbox 134 1438 1679 1500">
     <span class='ocr_line' id='line_1_15' title="bbox 134 1438 1679 1500; baseline -0.005 -14"><span class='ocrx_word' id='word_1_99' title='bbox 134 1457 171 1488; x_wconf 92' lang='lat'>1.</span> <span class='ocrx_word' id='word_1_100' title='bbox 229 1445 327 1500; x_wconf 86' lang='lat' dir='ltr'>Jhs.</span> <span class='ocrx_word' id='word_1_101' title='bbox 356 1443 498 1485; x_wconf 87' lang='lat' dir='ltr'>Molto</span> <span class='ocrx_word' id='word_1_102' title='bbox 530 1442 642 1483; x_wconf 82' lang='lat' dir='ltr'>Rdo.</span> <span class='ocrx_word' id='word_1_103' title='bbox 669 1441 712 1482; x_wconf 90' lang='lat' dir='ltr'>in</span> <span class='ocrx_word' id='word_1_104' title='bbox 738 1440 823 1484; x_wconf 86' lang='lat' dir='ltr'>X.⁰</span> <span class='ocrx_word' id='word_1_105' title='bbox 850 1442 995 1482; x_wconf 83' lang='lat' dir='ltr'>Padre</span> <span class='ocrx_word' id='word_1_106' title='bbox 1020 1448 1188 1481; x_wconf 82' lang='lat' dir='ltr'>nostro.</span> <span class='ocrx_word' id='word_1_107' title='bbox 1226 1441 1320 1481; x_wconf 83' lang='lat' dir='ltr'>Pax</span> <span class='ocrx_word' id='word_1_108' title='bbox 1344 1438 1432 1490; x_wconf 43' lang='grc' dir='ltr'>Χ),</span> <span class='ocrx_word' id='word_1_109' title='bbox 1463 1446 1548 1481; x_wconf 89' lang='lat' dir='ltr'>etc.</span> <span class='ocrx_word' id='word_1_110' title='bbox 1578 1440 1679 1480; x_wconf 88' lang='lat' dir='ltr'>Non</span> 
     </span>
    </p>

    <p class='ocr_par' dir='ltr' id='par_1_6' title="bbox 45 1515 1681 1576">
     <span class='ocr_line' id='line_1_16' title="bbox 45 1515 1681 1576; baseline -0.003 -13"><span class='ocrx_word' id='word_1_111' title='bbox 45 1521 101 1563; x_wconf 88' lang='lat' dir='ltr'>mi</span> <span class='ocrx_word' id='word_1_112' title='bbox 122 1519 235 1576; x_wconf 67' lang='lat' dir='ltr'>parti</span> <span class='ocrx_word' id='word_1_113' title='bbox 257 1519 445 1562; x_wconf 71' lang='lat' dir='ltr'>martedi</span> <span class='ocrx_word' id='word_1_114' title='bbox 466 1520 535 1561; x_wconf 83' lang='lat' dir='ltr'>col</span> <span class='ocrx_word' id='word_1_115' title='bbox 560 1518 799 1573; x_wconf 86' lang='lat' dir='ltr'>procaccio</span> <span class='ocrx_word' id='word_1_116' title='bbox 824 1519 878 1560; x_wconf 87' lang='lat' dir='ltr'>de</span> <span class='ocrx_word' id='word_1_117' title='bbox 902 1517 1072 1571; x_wconf 80' lang='lat' dir='ltr'>Sicilia,</span> <span class='ocrx_word' id='word_1_118' title='bbox 1102 1518 1269 1572; x_wconf 84' lang='lat' dir='ltr'>perche</span> <span class='ocrx_word' id='word_1_119' title='bbox 1293 1517 1335 1558; x_wconf 90' lang='lat' dir='ltr'>le</span> <span class='ocrx_word' id='word_1_120' title='bbox 1358 1516 1493 1558; x_wconf 88' lang='lat' dir='ltr'>molte</span> <span class='ocrx_word' id='word_1_121' title='bbox 1517 1515 1681 1570; x_wconf 82' lang='lat' dir='ltr'>piogie‚</span> 
     </span>
    </p>

    <p class='ocr_par' dir='ltr' id='par_1_7' title="bbox 46 1593 1684 1647">
     <span class='ocr_line' id='line_1_17' title="bbox 46 1593 1684 1647; baseline -0.004 -7"><span class='ocrx_word' id='word_1_122' title='bbox 46 1605 87 1641; x_wconf 91' lang='lat' dir='ltr'>et</span> <span class='ocrx_word' id='word_1_123' title='bbox 109 1612 225 1640; x_wconf 90' lang='lat' dir='ltr'>noue</span> <span class='ocrx_word' id='word_1_124' title='bbox 248 1598 335 1639; x_wconf 92' lang='lat' dir='ltr'>che</span> <span class='ocrx_word' id='word_1_125' title='bbox 353 1596 393 1638; x_wconf 90' lang='lat' dir='ltr'>ci</span> <span class='ocrx_word' id='word_1_126' title='bbox 417 1597 598 1637; x_wconf 88' lang='lat' dir='ltr'>dauano</span> <span class='ocrx_word' id='word_1_127' title='bbox 618 1596 673 1638; x_wconf 90' lang='lat' dir='ltr'>de</span> <span class='ocrx_word' id='word_1_128' title='bbox 697 1595 952 1636; x_wconf 83' lang='lat' dir='ltr'>moltissimi</span> <span class='ocrx_word' id='word_1_129' title='bbox 979 1594 1181 1635; x_wconf 75' lang='lat' dir='ltr'>forusciti</span> <span class='ocrx_word' id='word_1_130' title='bbox 1206 1595 1425 1635; x_wconf 86' lang='lat' dir='ltr'>faceuano</span> <span class='ocrx_word' id='word_1_131' title='bbox 1448 1593 1475 1633; x_wconf 91' lang='lat' dir='ltr'>il</span> <span class='ocrx_word' id='word_1_132' title='bbox 1499 1593 1684 1647; x_wconf 74' lang='lat' dir='ltr'>viaggio</span> 
     </span>
    </p>

    <p class='ocr_par' dir='ltr' id='par_1_8' title="bbox 46 1670 1682 1805">
     <span class='ocr_line' id='line_1_18' title="bbox 46 1670 1682 1727; baseline -0.003 -10"><span class='ocrx_word' id='word_1_133' title='bbox 46 1674 281 1717; x_wconf 81' lang='lat' dir='ltr'>malissime</span> <span class='ocrx_word' id='word_1_134' title='bbox 303 1674 471 1724; x_wconf 82' lang='lat' dir='ltr'>sicuro;</span> <span class='ocrx_word' id='word_1_135' title='bbox 498 1673 824 1727; x_wconf 80' lang='lat' dir='ltr'>specialmente</span> <span class='ocrx_word' id='word_1_136' title='bbox 849 1687 926 1726; x_wconf 82' lang='lat' dir='ltr'>per</span> <span class='ocrx_word' id='word_1_137' title='bbox 950 1672 977 1712; x_wconf 88' lang='lat' dir='ltr'>li</span> <span class='ocrx_word' id='word_1_138' title='bbox 1002 1671 1129 1712; x_wconf 88' lang='lat' dir='ltr'>fiumi</span> <span class='ocrx_word' id='word_1_139' title='bbox 1152 1671 1239 1712; x_wconf 89' lang='lat' dir='ltr'>che</span> <span class='ocrx_word' id='word_1_140' title='bbox 1263 1670 1306 1711; x_wconf 91' lang='lat' dir='ltr'>in</span> <span class='ocrx_word' id='word_1_141' title='bbox 1331 1670 1504 1725; x_wconf 79' lang='lat' dir='ltr'>grande</span> <span class='ocrx_word' id='word_1_142' title='bbox 1528 1684 1682 1712; x_wconf 87' lang='lat' dir='ltr'>nume·</span> 
     </span>
     <span class='ocr_line' id='line_1_19' title="bbox 47 1746 1680 1805; baseline -0.005 -11"><span class='ocrx_word' id='word_1_143' title='bbox 47 1766 93 1794; x_wconf 87' lang='lat' dir='ltr'>ro</span> <span class='ocrx_word' id='word_1_144' title='bbox 116 1765 384 1794; x_wconf 89' lang='lat' dir='ltr'>conueneua</span> <span class='ocrx_word' id='word_1_145' title='bbox 408 1749 609 1805; x_wconf 74' lang='lat' dir='ltr'>guazar&#39;,</span> <span class='ocrx_word' id='word_1_146' title='bbox 637 1759 680 1793; x_wconf 92' lang='lat' dir='ltr'>et</span> <span class='ocrx_word' id='word_1_147' title='bbox 704 1764 787 1791; x_wconf 87' lang='lat' dir='ltr'>con</span> <span class='ocrx_word' id='word_1_148' title='bbox 815 1749 843 1790; x_wconf 88' lang='lat' dir='ltr'>li</span> <span class='ocrx_word' id='word_1_149' title='bbox 869 1748 1074 1799; x_wconf 77' lang='lat' dir='ltr'>torrenti,</span> <span class='ocrx_word' id='word_1_150' title='bbox 1101 1748 1141 1790; x_wconf 88' lang='lat' dir='ltr'>ci</span> <span class='ocrx_word' id='word_1_151' title='bbox 1165 1748 1387 1790; x_wconf 86' lang='lat' dir='ltr'>diceuano</span> <span class='ocrx_word' id='word_1_152' title='bbox 1410 1749 1547 1789; x_wconf 81' lang='lat' dir='ltr'>esser’</span> <span class='ocrx_word' id='word_1_153' title='bbox 1571 1746 1680 1801; x_wconf 82' lang='lat' dir='ltr'>peri-</span> 
     </span>
    </p>

    <p class='ocr_par' dir='ltr' id='par_1_9' title="bbox 15 1824 1680 1882">
     <span class='ocr_line' id='line_1_20' title="bbox 15 1824 1680 1882; baseline -0.002 -15"><span class='ocrx_word' id='word_1_154' title='bbox 15 1861 19 1867; x_wconf 96' lang='lat'>.</span> <span class='ocrx_word' id='word_1_155' title='bbox 45 1828 194 1882; x_wconf 87' lang='lat' dir='ltr'>colosi,</span> <span class='ocrx_word' id='word_1_156' title='bbox 227 1829 341 1870; x_wconf 89' lang='lat' dir='ltr'>oltra</span> <span class='ocrx_word' id='word_1_157' title='bbox 371 1829 411 1869; x_wconf 92' lang='lat' dir='ltr'>la</span> <span class='ocrx_word' id='word_1_158' title='bbox 441 1829 668 1882; x_wconf 83' lang='lat' dir='ltr'>longueza</span> <span class='ocrx_word' id='word_1_159' title='bbox 698 1836 741 1870; x_wconf 91' lang='lat' dir='ltr'>et</span> <span class='ocrx_word' id='word_1_160' title='bbox 772 1826 981 1868; x_wconf 88' lang='lat' dir='ltr'>molestia</span> <span class='ocrx_word' id='word_1_161' title='bbox 1012 1825 1239 1867; x_wconf 86' lang='lat' dir='ltr'>ordinaria</span> <span class='ocrx_word' id='word_1_162' title='bbox 1268 1825 1312 1865; x_wconf 89' lang='lat' dir='ltr'>di</span> <span class='ocrx_word' id='word_1_163' title='bbox 1343 1825 1493 1878; x_wconf 84' lang='lat' dir='ltr'>quella</span> <span class='ocrx_word' id='word_1_164' title='bbox 1514 1824 1680 1877; x_wconf 83' lang='lat' dir='ltr'>strada.</span> 
     </span>
    </p>

    <p class='ocr_par' dir='ltr' id='par_1_10' title="bbox 45 1897 1682 1960">
     <span class='ocr_line' id='line_1_21' title="bbox 45 1897 1682 1960; baseline -0.004 -12"><span class='ocrx_word' id='word_1_165' title='bbox 45 1907 116 1949; x_wconf 91' lang='lat' dir='ltr'>Ma</span> <span class='ocrx_word' id='word_1_166' title='bbox 143 1905 498 1960; x_wconf 85' lang='lat' dir='ltr'>principalmenti</span> <span class='ocrx_word' id='word_1_167' title='bbox 530 1905 590 1946; x_wconf 89' lang='lat' dir='ltr'>mi</span> <span class='ocrx_word' id='word_1_168' title='bbox 623 1905 756 1946; x_wconf 85' lang='lat' dir='ltr'>mossi</span> <span class='ocrx_word' id='word_1_169' title='bbox 781 1919 805 1945; x_wconf 90' lang='lat' dir='ltr'>a</span> <span class='ocrx_word' id='word_1_170' title='bbox 836 1897 1079 1957; x_wconf 80' lang='lat' dir='ltr'>fermarmi,</span> <span class='ocrx_word' id='word_1_171' title='bbox 1108 1917 1187 1957; x_wconf 88' lang='lat' dir='ltr'>per</span> <span class='ocrx_word' id='word_1_172' title='bbox 1216 1916 1339 1945; x_wconf 84' lang='lat' dir='ltr'>esser</span> <span class='ocrx_word' id='word_1_173' title='bbox 1367 1902 1411 1942; x_wconf 89' lang='lat' dir='ltr'>in</span> <span class='ocrx_word' id='word_1_174' title='bbox 1448 1901 1682 1955; x_wconf 78' lang='lat' dir='ltr'>procincto</span> 
     </span>
    </p>

    <p class='ocr_par' dir='ltr' id='par_1_11' title="bbox 44 1980 1683 2038">
     <span class='ocr_line' id='line_1_22' title="bbox 44 1980 1683 2038; baseline -0.004 -14"><span class='ocrx_word' id='word_1_175' title='bbox 44 1996 127 2024; x_wconf 90' lang='lat' dir='ltr'>vna</span> <span class='ocrx_word' id='word_1_176' title='bbox 159 1983 310 2038; x_wconf 84' lang='lat' dir='ltr'>galera</span> <span class='ocrx_word' id='word_1_177' title='bbox 344 1983 430 2025; x_wconf 86' lang='lat' dir='ltr'>ben</span> <span class='ocrx_word' id='word_1_178' title='bbox 468 1982 511 2023; x_wconf 91' lang='lat' dir='ltr'>in</span> <span class='ocrx_word' id='word_1_179' title='bbox 547 1982 707 2023; x_wconf 80' lang='lat' dir='ltr'>ordine</span> <span class='ocrx_word' id='word_1_180' title='bbox 742 1996 819 2036; x_wconf 86' lang='lat' dir='ltr'>per</span> <span class='ocrx_word' id='word_1_181' title='bbox 852 1980 1010 2022; x_wconf 84' lang='lat' dir='ltr'>insin&#39;a</span> <span class='ocrx_word' id='word_1_182' title='bbox 1044 1980 1256 2031; x_wconf 82' lang='lat' dir='ltr'>Messina,</span> <span class='ocrx_word' id='word_1_183' title='bbox 1288 1980 1419 2033; x_wconf 85' lang='lat' dir='ltr'>quale</span> <span class='ocrx_word' id='word_1_184' title='bbox 1450 1985 1683 2032; x_wconf 82' lang='lat' dir='ltr'>aspettaua</span> 
     </span>
    </p>

    <p class='ocr_par' dir='ltr' id='par_1_12' title="bbox 46 2057 1685 2420">
     <span class='ocr_line' id='line_1_23' title="bbox 46 2057 1685 2114; baseline -0.004 -13"><span class='ocrx_word' id='word_1_185' title='bbox 46 2059 136 2101; x_wconf 86' lang='lat' dir='ltr'>solo</span> <span class='ocrx_word' id='word_1_186' title='bbox 163 2059 192 2100; x_wconf 94' lang='lat' dir='ltr'>il</span> <span class='ocrx_word' id='word_1_187' title='bbox 221 2067 388 2114; x_wconf 81' lang='lat' dir='ltr'>tempo,</span> <span class='ocrx_word' id='word_1_188' title='bbox 420 2068 464 2102; x_wconf 93' lang='lat' dir='ltr'>et</span> <span class='ocrx_word' id='word_1_189' title='bbox 494 2060 550 2102; x_wconf 88' lang='lat' dir='ltr'>de</span> <span class='ocrx_word' id='word_1_190' title='bbox 581 2058 693 2101; x_wconf 89' lang='lat' dir='ltr'>hieri</span> <span class='ocrx_word' id='word_1_191' title='bbox 723 2058 766 2100; x_wconf 88' lang='lat' dir='ltr'>in</span> <span class='ocrx_word' id='word_1_192' title='bbox 792 2073 882 2112; x_wconf 85' lang='lat' dir='ltr'>qua</span> <span class='ocrx_word' id='word_1_193' title='bbox 907 2058 942 2099; x_wconf 88' lang='lat' dir='ltr'>si</span> <span class='ocrx_word' id='word_1_194' title='bbox 966 2059 991 2100; x_wconf 83' lang='lat' dir='ltr'>e</span> <span class='ocrx_word' id='word_1_195' title='bbox 1019 2057 1237 2098; x_wconf 88' lang='lat' dir='ltr'>acconcio</span> <span class='ocrx_word' id='word_1_196' title='bbox 1268 2070 1352 2098; x_wconf 87' lang='lat' dir='ltr'>con</span> <span class='ocrx_word' id='word_1_197' title='bbox 1384 2062 1542 2109; x_wconf 85' lang='lat' dir='ltr'>questa</span> <span class='ocrx_word' id='word_1_198' title='bbox 1567 2069 1685 2095; x_wconf 82' lang='lat' dir='ltr'>noua</span> 
     </span>
     <span class='ocr_line' id='line_1_24' title="bbox 46 2133 1685 2191; baseline -0.004 -14"><span class='ocrx_word' id='word_1_199' title='bbox 46 2136 162 2190; x_wconf 69' lang='lat' dir='ltr'>luna,</span> <span class='ocrx_word' id='word_1_200' title='bbox 188 2145 232 2179; x_wconf 90' lang='lat' dir='ltr'>et</span> <span class='ocrx_word' id='word_1_201' title='bbox 256 2136 399 2191; x_wconf 85' lang='lat' dir='ltr'>potria</span> <span class='ocrx_word' id='word_1_202' title='bbox 422 2150 545 2178; x_wconf 88' lang='lat' dir='ltr'>esser</span> <span class='ocrx_word' id='word_1_203' title='bbox 563 2137 648 2179; x_wconf 86' lang='lat' dir='ltr'>che</span> <span class='ocrx_word' id='word_1_204' title='bbox 672 2149 757 2177; x_wconf 90' lang='lat' dir='ltr'>con</span> <span class='ocrx_word' id='word_1_205' title='bbox 783 2143 946 2188; x_wconf 84' lang='lat' dir='ltr'>questo</span> <span class='ocrx_word' id='word_1_206' title='bbox 973 2134 1210 2189; x_wconf 86' lang='lat' dir='ltr'>procaccio</span> <span class='ocrx_word' id='word_1_207' title='bbox 1235 2133 1418 2176; x_wconf 88' lang='lat' dir='ltr'>intenda</span> <span class='ocrx_word' id='word_1_208' title='bbox 1443 2133 1498 2174; x_wconf 81' lang='lat' dir='ltr'>V.</span> <span class='ocrx_word' id='word_1_209' title='bbox 1529 2133 1578 2174; x_wconf 88' lang='grc' dir='ltr'>Ρ.</span> <span class='ocrx_word' id='word_1_210' title='bbox 1602 2133 1685 2173; x_wconf 88' lang='lat' dir='ltr'>che</span> 
     </span>
     <span class='ocr_line' id='line_1_25' title="bbox 47 2210 1685 2268; baseline -0.003 -14"><span class='ocrx_word' id='word_1_211' title='bbox 47 2212 181 2256; x_wconf 89' lang='lat' dir='ltr'>siamo</span> <span class='ocrx_word' id='word_1_212' title='bbox 210 2214 359 2268; x_wconf 86' lang='lat' dir='ltr'>partiti</span> <span class='ocrx_word' id='word_1_213' title='bbox 384 2213 415 2266; x_wconf 77' lang='grc'>2;</span> <span class='ocrx_word' id='word_1_214' title='bbox 441 2221 485 2256; x_wconf 91' lang='lat' dir='ltr'>et</span> <span class='ocrx_word' id='word_1_215' title='bbox 515 2214 571 2255; x_wconf 88' lang='lat' dir='ltr'>ad</span> <span class='ocrx_word' id='word_1_216' title='bbox 595 2213 704 2268; x_wconf 82' lang='lat' dir='ltr'>ogni</span> <span class='ocrx_word' id='word_1_217' title='bbox 737 2213 871 2255; x_wconf 87' lang='lat' dir='ltr'>modo</span> <span class='ocrx_word' id='word_1_218' title='bbox 902 2211 1099 2254; x_wconf 87' lang='lat' dir='ltr'>dandoci</span> <span class='ocrx_word' id='word_1_219' title='bbox 1122 2212 1250 2253; x_wconf 86' lang='lat' dir='ltr'>buon</span> <span class='ocrx_word' id='word_1_220' title='bbox 1274 2210 1422 2265; x_wconf 82' lang='lat' dir='ltr'>viagio</span> <span class='ocrx_word' id='word_1_221' title='bbox 1453 2210 1592 2260; x_wconf 88' lang='lat' dir='ltr'>Iddio,</span> <span class='ocrx_word' id='word_1_222' title='bbox 1620 2224 1685 2250; x_wconf 78' lang='lat' dir='ltr'>sa-</span> 
     </span>
     <span class='ocr_line' id='line_1_26' title="bbox 47 2286 1683 2347; baseline -0.003 -16"><span class='ocrx_word' id='word_1_223' title='bbox 47 2303 164 2332; x_wconf 90' lang='lat' dir='ltr'>remo</span> <span class='ocrx_word' id='word_1_224' title='bbox 192 2290 267 2345; x_wconf 73' lang='lat' dir='ltr'>pisl</span> <span class='ocrx_word' id='word_1_225' title='bbox 301 2299 451 2345; x_wconf 84' lang='lat' dir='ltr'>presto</span> <span class='ocrx_word' id='word_1_226' title='bbox 481 2291 525 2332; x_wconf 93' lang='lat' dir='ltr'>in</span> <span class='ocrx_word' id='word_1_227' title='bbox 557 2290 726 2344; x_wconf 80' lang='lat' dir='ltr'>Sicilia,</span> <span class='ocrx_word' id='word_1_228' title='bbox 761 2292 845 2332; x_wconf 91' lang='lat' dir='ltr'>che</span> <span class='ocrx_word' id='word_1_229' title='bbox 878 2288 1189 2332; x_wconf 73' lang='lat' dir='ltr'>&#39;naueressimo</span> <span class='ocrx_word' id='word_1_230' title='bbox 1224 2289 1336 2347; x_wconf 84' lang='lat' dir='ltr'>fatto</span> <span class='ocrx_word' id='word_1_231' title='bbox 1368 2287 1586 2341; x_wconf 88' lang='lat' dir='ltr'>partendo</span> <span class='ocrx_word' id='word_1_232' title='bbox 1617 2286 1683 2327; x_wconf 89' lang='lat' dir='ltr'>col</span> 
     </span>
     <span class='ocr_line' id='line_1_27' title="bbox 47 2366 1014 2420; baseline 0.002 -13"><span class='ocrx_word' id='word_1_233' title='bbox 47 2367 276 2420; x_wconf 89' lang='lat' dir='ltr'>procaccio</span> <span class='ocrx_word' id='word_1_234' title='bbox 298 2368 440 2418; x_wconf 89' lang='lat' dir='ltr'>detto,</span> <span class='ocrx_word' id='word_1_235' title='bbox 465 2367 601 2409; x_wconf 89' lang='lat' dir='ltr'>etiam</span> <span class='ocrx_word' id='word_1_236' title='bbox 625 2367 671 2408; x_wconf 89' lang='lat' dir='ltr'>in</span> <span class='ocrx_word' id='word_1_237' title='bbox 694 2367 834 2409; x_wconf 89' lang='lat' dir='ltr'>buoni</span> <span class='ocrx_word' id='word_1_238' title='bbox 860 2366 1014 2420; x_wconf 83' lang='lat' dir='ltr'>tempi.</span> 
     </span>
    </p>

    <p class='ocr_par' dir='ltr' id='par_1_13' title="bbox 48 2441 1685 2576">
     <span class='ocr_line' id='line_1_28' title="bbox 131 2441 1685 2498; baseline -0.005 -12"><span class='ocrx_word' id='word_1_239' title='bbox 131 2455 172 2486; x_wconf 87' lang='lat'>2.</span> <span class='ocrx_word' id='word_1_240' title='bbox 237 2445 285 2485; x_wconf 89' lang='lat' dir='ltr'>In</span> <span class='ocrx_word' id='word_1_241' title='bbox 304 2444 451 2498; x_wconf 82' lang='lat' dir='ltr'>questi</span> <span class='ocrx_word' id='word_1_242' title='bbox 475 2443 520 2487; x_wconf 67' lang='grc'>(11</span> <span class='ocrx_word' id='word_1_243' title='bbox 540 2446 598 2486; x_wconf 89' lang='grc'>110</span> <span class='ocrx_word' id='word_1_244' title='bbox 616 2444 798 2486; x_wconf 86' lang='lat' dir='ltr'>visitato</span> <span class='ocrx_word' id='word_1_245' title='bbox 816 2444 844 2485; x_wconf 90' lang='lat' dir='ltr'>il</span> <span class='ocrx_word' id='word_1_246' title='bbox 864 2443 1091 2486; x_wconf 78' lang='lat' dir='ltr'>cardinale</span> <span class='ocrx_word' id='word_1_247' title='bbox 1112 2442 1258 2484; x_wconf 76' lang='lat' dir='ltr'>vicere</span> <span class='ocrx_word' id='word_1_248' title='bbox 1279 2441 1310 2491; x_wconf 73' lang='lat'>3,</span> <span class='ocrx_word' id='word_1_249' title='bbox 1332 2441 1466 2482; x_wconf 86' lang='lat' dir='ltr'>etiam</span> <span class='ocrx_word' id='word_1_250' title='bbox 1486 2441 1542 2482; x_wconf 88' lang='lat' dir='ltr'>de</span> <span class='ocrx_word' id='word_1_251' title='bbox 1560 2446 1685 2494; x_wconf 86' lang='lat' dir='ltr'>parte</span> 
     </span>
     <span class='ocr_line' id='line_1_29' title="bbox 48 2516 1681 2576; baseline -0.003 -15"><span class='ocrx_word' id='word_1_252' title='bbox 48 2519 101 2563; x_wconf 87' lang='lat' dir='ltr'>de</span> <span class='ocrx_word' id='word_1_253' title='bbox 122 2521 179 2564; x_wconf 93' lang='lat' dir='ltr'>V.</span> <span class='ocrx_word' id='word_1_254' title='bbox 206 2522 275 2574; x_wconf 90' lang='grc' dir='ltr'>Ρ.,</span> <span class='ocrx_word' id='word_1_255' title='bbox 299 2529 343 2563; x_wconf 89' lang='lat' dir='ltr'>et</span> <span class='ocrx_word' id='word_1_256' title='bbox 372 2521 513 2576; x_wconf 85' lang='lat' dir='ltr'>parmi</span> <span class='ocrx_word' id='word_1_257' title='bbox 536 2522 574 2563; x_wconf 86' lang='lat' dir='ltr'>si</span> <span class='ocrx_word' id='word_1_258' title='bbox 597 2520 871 2576; x_wconf 78' lang='lat' dir='ltr'>rallegrassi.</span> <span class='ocrx_word' id='word_1_259' title='bbox 901 2520 961 2563; x_wconf 89' lang='lat' dir='ltr'>Mi</span> <span class='ocrx_word' id='word_1_260' title='bbox 993 2527 1128 2562; x_wconf 90' lang='lat' dir='ltr'>tenne</span> <span class='ocrx_word' id='word_1_261' title='bbox 1152 2535 1175 2560; x_wconf 85' lang='lat' dir='ltr'>a</span> <span class='ocrx_word' id='word_1_262' title='bbox 1200 2533 1366 2573; x_wconf 87' lang='lat' dir='ltr'>pranzo</span> <span class='ocrx_word' id='word_1_263' title='bbox 1389 2531 1509 2567; x_wconf 86' lang='lat' dir='ltr'>seco,</span> <span class='ocrx_word' id='word_1_264' title='bbox 1536 2524 1579 2558; x_wconf 87' lang='lat' dir='ltr'>et</span> <span class='ocrx_word' id='word_1_265' title='bbox 1608 2516 1681 2556; x_wconf 91' lang='lat' dir='ltr'>do-</span> 
     </span>
    </p>
   </div>
   <div class='ocr_carea' id='block_1_5' title="bbox 46 2696 1686 3031">
    <p class='ocr_par' dir='ltr' id='par_1_14' title="bbox 116 2696 1590 2745">
     <span class='ocr_line' id='line_1_30' title="bbox 116 2696 1590 2745; baseline -0.002 -12"><span class='ocrx_word' id='word_1_266' title='bbox 116 2699 127 2718; x_wconf 70' lang='grc'><strong>1</strong></span> <span class='ocrx_word' id='word_1_267' title='bbox 176 2700 232 2733; x_wconf 84' lang='lat' dir='ltr'>Ex</span> <span class='ocrx_word' id='word_1_268' title='bbox 251 2700 489 2745; x_wconf 84' lang='lat' dir='ltr'>autographo</span> <span class='ocrx_word' id='word_1_269' title='bbox 508 2700 546 2734; x_wconf 88' lang='lat' dir='ltr'>in</span> <span class='ocrx_word' id='word_1_270' title='bbox 567 2699 702 2734; x_wconf 89' lang='lat' dir='ltr'>codice</span> <span class='ocrx_word' id='word_1_271' title='bbox 721 2699 852 2745; x_wconf 77' lang='lat' dir='ltr'>Epist.</span> <span class='ocrx_word' id='word_1_272' title='bbox 871 2699 1055 2739; x_wconf 69' lang='lat' dir='ltr'>Polam-i,</span> <span class='ocrx_word' id='word_1_273' title='bbox 1078 2707 1097 2731; x_wconf 89' lang='lat'>2</span> <span class='ocrx_word' id='word_1_274' title='bbox 1112 2698 1170 2741; x_wconf 64' lang='lat' dir='ltr'>ff„</span> <span class='ocrx_word' id='word_1_275' title='bbox 1192 2709 1230 2733; x_wconf 94' lang='lat' dir='ltr'>n.</span> <span class='ocrx_word' id='word_1_276' title='bbox 1251 2706 1308 2741; x_wconf 80' lang='grc'>70,</span> <span class='ocrx_word' id='word_1_277' title='bbox 1331 2696 1435 2741; x_wconf 81' lang='lat' dir='ltr'>prius</span> <span class='ocrx_word' id='word_1_278' title='bbox 1455 2696 1512 2737; x_wconf 88' lang='lat'>26,</span> <span class='ocrx_word' id='word_1_279' title='bbox 1533 2702 1590 2738; x_wconf 87' lang='lat'>27.</span> 
     </span>
    </p>

    <p class='ocr_par' dir='ltr' id='par_1_15' title="bbox 46 2755 1686 2983">
     <span class='ocr_line' id='line_1_31' title="bbox 113 2755 1684 2804; baseline -0.004 -10"><span class='ocrx_word' id='word_1_280' title='bbox 113 2757 126 2777; x_wconf 85' lang='lat'><strong>²</strong></span> <span class='ocrx_word' id='word_1_281' title='bbox 176 2759 248 2793; x_wconf 88' lang='lat' dir='ltr'>Die</span> <span class='ocrx_word' id='word_1_282' title='bbox 271 2759 326 2804; x_wconf 86' lang='lat'>18,</span> <span class='ocrx_word' id='word_1_283' title='bbox 355 2767 396 2794; x_wconf 90' lang='lat' dir='ltr'>ut</span> <span class='ocrx_word' id='word_1_284' title='bbox 416 2760 454 2794; x_wconf 91' lang='lat' dir='ltr'>in</span> <span class='ocrx_word' id='word_1_285' title='bbox 473 2759 559 2794; x_wconf 88' lang='lat' dir='ltr'>cod.</span> <span class='ocrx_word' id='word_1_286' title='bbox 581 2759 648 2795; x_wconf 86' lang='lat' dir='ltr'>cit.</span> <span class='ocrx_word' id='word_1_287' title='bbox 678 2759 891 2801; x_wconf 82' lang='lat' dir='ltr'>invenitur,</span> <span class='ocrx_word' id='word_1_288' title='bbox 908 2758 974 2793; x_wconf 78' lang='lat' dir='ltr'>fol.</span> <span class='ocrx_word' id='word_1_289' title='bbox 997 2758 1056 2801; x_wconf 83' lang='lat'>81,</span> <span class='ocrx_word' id='word_1_290' title='bbox 1080 2758 1185 2803; x_wconf 88' lang='lat' dir='ltr'>prius</span> <span class='ocrx_word' id='word_1_291' title='bbox 1213 2758 1271 2800; x_wconf 81' lang='lat'>32,</span> <span class='ocrx_word' id='word_1_292' title='bbox 1303 2760 1389 2801; x_wconf 86' lang='lat' dir='ltr'>post</span> <span class='ocrx_word' id='word_1_293' title='bbox 1416 2755 1684 2789; x_wconf 85' lang='lat' dir='ltr'>excursionem</span> 
     </span>
     <span class='ocr_line' id='line_1_32' title="bbox 50 2812 1686 2865; baseline -0.003 -14"><span class='ocrx_word' id='word_1_294' title='bbox 50 2826 158 2861; x_wconf 91' lang='lat' dir='ltr'>quam</span> <span class='ocrx_word' id='word_1_295' title='bbox 185 2818 322 2854; x_wconf 90' lang='lat' dir='ltr'>Nolam</span> <span class='ocrx_word' id='word_1_296' title='bbox 343 2819 504 2864; x_wconf 84' lang='lat' dir='ltr'>fecerat,</span> <span class='ocrx_word' id='word_1_297' title='bbox 525 2818 637 2865; x_wconf 89' lang='lat' dir='ltr'>dicit,</span> <span class='ocrx_word' id='word_1_298' title='bbox 657 2818 705 2852; x_wconf 82' lang='lat' dir='ltr'>ad</span> <span class='ocrx_word' id='word_1_299' title='bbox 724 2818 904 2853; x_wconf 88' lang='lat' dir='ltr'>eumdem</span> <span class='ocrx_word' id='word_1_300' title='bbox 928 2818 970 2852; x_wconf 87' lang='grc' dir='ltr'>Ρ.</span> <span class='ocrx_word' id='word_1_301' title='bbox 992 2816 1278 2851; x_wconf 87' lang='lat' dir='ltr'>Mercurianum</span> <span class='ocrx_word' id='word_1_302' title='bbox 1295 2815 1484 2858; x_wconf 89' lang='lat' dir='ltr'>scribens,</span> <span class='ocrx_word' id='word_1_303' title='bbox 1507 2814 1579 2848; x_wconf 87' lang='lat' dir='ltr'>iter</span> <span class='ocrx_word' id='word_1_304' title='bbox 1594 2812 1686 2847; x_wconf 83' lang='lat' dir='ltr'>dila-</span> 
     </span>
     <span class='ocr_line' id='line_1_33' title="bbox 46 2871 1684 2924; baseline -0.002 -16"><span class='ocrx_word' id='word_1_305' title='bbox 46 2878 125 2910; x_wconf 68' lang='lat' dir='ltr'>tum</span> <span class='ocrx_word' id='word_1_306' title='bbox 143 2877 191 2912; x_wconf 93' lang='lat' dir='ltr'>ob</span> <span class='ocrx_word' id='word_1_307' title='bbox 211 2879 347 2913; x_wconf 87' lang='lat' dir='ltr'>malam</span> <span class='ocrx_word' id='word_1_308' title='bbox 367 2883 655 2924; x_wconf 87' lang='lat' dir='ltr'>tempestatem.</span> <span class='ocrx_word' id='word_1_309' title='bbox 678 2878 858 2923; x_wconf 85' lang='lat' dir='ltr'>Denique</span> <span class='ocrx_word' id='word_1_310' title='bbox 878 2877 941 2911; x_wconf 83' lang='lat' dir='ltr'>die</span> <span class='ocrx_word' id='word_1_311' title='bbox 961 2876 1169 2919; x_wconf 84' lang='lat' dir='ltr'>dominica,</span> <span class='ocrx_word' id='word_1_312' title='bbox 1188 2875 1267 2909; x_wconf 83' lang='lat'><strong>20.¹</strong></span> <span class='ocrx_word' id='word_1_313' title='bbox 1283 2873 1441 2917; x_wconf 84' lang='lat' dir='ltr'>mensis,</span> <span class='ocrx_word' id='word_1_314' title='bbox 1459 2873 1497 2907; x_wconf 91' lang='lat' dir='ltr'>in</span> <span class='ocrx_word' id='word_1_315' title='bbox 1513 2871 1684 2906; x_wconf 85' lang='lat' dir='ltr'>Siciliam</span> 
     </span>
     <span class='ocr_line' id='line_1_34' title="bbox 49 2935 499 2983; baseline 0.007 -15"><span class='ocrx_word' id='word_1_316' title='bbox 49 2935 177 2971; x_wconf 88' lang='lat' dir='ltr'>solvit.</span> <span class='ocrx_word' id='word_1_317' title='bbox 198 2936 257 2971; x_wconf 84' lang='lat' dir='ltr'>Cf.</span> <span class='ocrx_word' id='word_1_318' title='bbox 280 2937 395 2983; x_wconf 83' lang='lat' dir='ltr'>epist.</span> <span class='ocrx_word' id='word_1_319' title='bbox 417 2937 499 2972; x_wconf 85' lang='lat'><strong>223.</strong></span> 
     </span>
    </p>

    <p class='ocr_par' dir='ltr' id='par_1_16' title="bbox 117 2994 890 3031">
     <span class='ocr_line' id='line_1_35' title="bbox 117 2994 890 3031; baseline 0 -1"><span class='ocrx_word' id='word_1_320' title='bbox 117 2994 131 3013; x_wconf 79' lang='lat'>³</span> <span class='ocrx_word' id='word_1_321' title='bbox 180 2996 372 3031; x_wconf 87' lang='lat' dir='ltr'>Antonius</span> <span class='ocrx_word' id='word_1_322' title='bbox 392 2997 577 3031; x_wconf 87' lang='lat' dir='ltr'>Perrenot</span> <span class='ocrx_word' id='word_1_323' title='bbox 596 2996 645 3031; x_wconf 92' lang='lat' dir='ltr'>de</span> <span class='ocrx_word' id='word_1_324' title='bbox 664 2996 890 3031; x_wconf 86' lang='lat' dir='ltr'>Granvelle.</span> 
     </span>
    </p>
   </div>
  </div>
 </body>
</html>
