1891 3292
627 166 1159 214 COMMENTARIOLA.—1568
1585 175 1653 219 695

75 275 270 317 vocatae,
303 280 420 320 quae
451 274 601 310 tamen
641 268 756 310 aeris
785 271 1047 313 salubritate
1076 279 1119 313 et
1150 273 1382 325 reditibus,
1415 277 1700 320 commodare

17 357 21 366 .
74 325 264 381 collegio
288 326 467 380 poterit,
495 340 596 368 cum
622 329 677 368 ad
703 327 784 369 tria
809 336 980 371 tantum
1013 331 1215 374 milliaria
1243 333 1299 374 ab
1328 348 1380 375 ea
1409 335 1518 377 vrbe
1547 335 1697 387 distet;

73 395 115 432 et
136 386 191 428 ad
213 399 434 439 expensas
458 387 714 428 necesarias
735 401 837 428 cum
865 400 947 441 5oo
970 404 1130 432 aureos
1160 392 1343 433 vendito
1365 406 1505 434 censu
1536 409 1559 435 a
1582 408 1697 448 quo-

72 448 168 488 dam
193 443 339 486 amico
364 453 616 498 quaereret,
643 445 716 488 ille
737 461 815 488 eos
838 449 934 489 sine
959 449 1045 490 vllo
1068 464 1208 492 censu
1231 451 1417 493 donauit
1441 453 1559 495 vnde
1583 467 1697 507 pau-

71 510 216 561 pertas
239 503 337 545 eius
361 504 538 558 collegii
562 505 790 547 subleuari
815 507 977 561 coepit.

156 562 228 604 68.
294 562 533 604 Confessio
557 564 895 618 Augustiniana
913 574 957 609 et
976 567 1048 607 alii
1065 576 1220 609 contra
1244 569 1469 611 hereticos
1487 570 1585 611 libri
1612 572 1697 612 hoc

70 636 186 665 anno
210 636 235 662 a
258 622 423 663 nostris
446 622 555 664 editi
580 624 778 676 fuerunt,
806 633 928 677 et.7o
952 640 1150 668 canones
1175 627 1320 669 niceni
1345 629 1521 669 concilii
1545 644 1599 671 ex
1623 645 1698 671 va-

69 682 142 724 riis
164 680 427 722 auctoribus
450 682 644 735 collecti,
670 681 715 723 in
738 682 883 724 lucem
911 685 1128 737 prodiere.

155 741 225 796 69.
293 740 410 782 Cum
441 741 484 781 in
519 742 824 784 fundamentis
854 751 1033 786 nostrae
1062 758 1208 785 nouae
1236 745 1453 787 ecclesiae
1486 761 1696 788 romanae

68 799 279 842 altissime
302 799 534 850 iaciendis,
561 801 617 841 ad
642 811 695 853 70
717 801 887 843 scilicet
909 804 1093 856 palmos,
1120 815 1175 855 40
1194 818 1370 857 operae,
1394 813 1436 846 et
1455 820 1509 847 ex
1530 806 1695 847 nostris

70 873 156 900 non
197 858 326 913 pauci
366 859 638 912 laborarent,
681 851 912 904 cresce'nte
951 862 1134 915 Tyberi,
1176 870 1219 904 et
1259 877 1334 916 per
1377 865 1695 906 subterraneos

68 924 238 960 meatus
268 931 478 972 magr-iam
504 919 591 960 vim
621 933 765 972 aquae
793 934 930 974 super
953 921 1048 975 ipsa
1072 921 1279 963 inchoata
1314 923 1605 964 fundamenta
1630 923 1692 964 in-

69 978 253 1027 ferente,
279 977 429 1018 omnia
452 986 731 1020 armamenta
756 979 966 1028 fabricae,
993 994 1074 1022 nec
1100 981 1246 1021 trabes
1276 982 1419 1022 solum
1449 990 1493 1023 et
1518 983 1692 1024 tabula—

68 1043 109 1078 ta
132 1036 252 1077 fosse
277 1037 556 1078 fundamenti
581 1038 863 1092 superposita
888 1046 933 1079 vt
956 1038 1059 1081 inde
1089 1048 1293 1081 cementa
1325 1041 1587 1091 deiicerent,
1614 1041 1694 1083 sed

67 1110 120 1139 ex
141 1095 357 1137 lateribus
379 1096 514 1138 etiam
540 1104 657 1140 terra
680 1112 846 1151 magno
863 1097 1034 1152 impetu
1052 1098 1096 1138 in
1119 1099 1386 1150 profundum
1406 1107 1691 1152 corruerunt;

66 1155 143 1197 Sed
174 1155 364 1196 mirabili
395 1156 477 1197 Dei
506 1164 551 1198 et
581 1157 795 1211 peculiari
824 1157 1136 1212 prouidentiae
1165 1158 1319 1198 datum
1353 1168 1420 1200 est
1448 1159 1567 1212 quod
1596 1160 1692 1199 nul—

66 1215 134 1256 lus
156 1227 213 1256 ex
237 1214 291 1255 iis
320 1215 395 1268 qui
420 1215 543 1270 operi
574 1215 896 1258 incumbebant
929 1216 1122 1270 perierit,
1156 1218 1233 1258 sed
1258 1217 1506 1259 incolumes
1536 1231 1693 1259 omnes

65 1273 304 1326 euaserint,
331 1287 375 1315 et
394 1274 549 1328 paucis
567 1275 742 1326 diebus,
766 1276 905 1317 ruinis
923 1276 1196 1328 instauratis,
1220 1277 1563 1318 fundamentum
1584 1291 1690 1318 con-

66 1332 231 1375 fectum
255 1340 338 1376 est.

152 1402 221 1444 7o.
289 1392 405 1434 Cum
428 1393 670 1448 episcopus
693 1394 962 1445 cenetensis,
989 1394 1108 1435 sedis
1131 1394 1407 1448 apostolicae
1435 1395 1554 1448 apud
1584 1395 1691 1437 Gal-

64 1449 146 1493 liae
169 1465 322 1506 regem
347 1452 557 1503 nuncius,
584 1467 638 1494 ex
663 1454 889 1508 legatione
914 1455 1101 1495 Romam
1126 1453 1318 1504 rediens,
1346 1454 1401 1495 de
1431 1455 1580 1495 fructu
1604 1453 1691 1508 spi-

65 1509 226 1563 rituali,
254 1511 329 1565 qui
353 1519 606 1554 nostrorum
632 1527 768 1566 opera
791 1514 835 1554 in
859 1513 1017 1555 Galliis
1040 1513 1253 1563 cernitur,
1273 1520 1317 1555 et
1334 1520 1556 1566 speratur,
1579 1513 1689 1553 mul-

65 1577 106 1611 ta
138 1584 314 1612 summo
349 1571 552 1625 pontifici
586 1571 828 1623 retulisset,
861 1581 905 1614 et
940 1580 984 1613 vt
1017 1572 1254 1614 seminaria
1287 1572 1477 1626 collegia
1511 1579 1692 1614 nostrae

64 1629 301 1672 Societatis
327 1630 524 1681 Parisiis,
551 1632 779 1686 Lugduni,
807 1639 850 1674 et
874 1633 1064 1674 Tolosae
1083 1638 1377 1685 augerentur,
1399 1631 1592 1685 singulis
1610 1630 1691 1671 ali-

62 1696 168 1743 quot
191 1689 325 1731 millia
350 1690 637 1733 franchorum
663 1706 717 1734 ex
742 1691 870 1732 bonis
894 1691 1209 1734 ecclesiasticis
1233 1690 1444 1745 applicari
1475 1690 1618 1744 petiit3
1647 1696 1691 1732 et

0 1755 1 1787 ξ
59 1761 159 1790 cum
183 1747 227 1789 id
252 1748 452 1803 pontifex
475 1750 791 1801 concessisset,
818 1752 874 1792 ab
903 1752 1060 1792 eodem
1090 1751 1260 1791 litteras
1289 1750 1345 1790 ad
1369 1750 1585 1790 nuncium
1612 1748 1690 1803 qui

60 1807 102 1848 in
125 1807 272 1850 Gallia
301 1808 390 1849 iam
421 1817 502 1860 est,
533 1809 690 1852 Gaiaci
720 1810 890 1852 scilicet
921 1810 1174 1864 episcopus,
1207 1809 1402 1850 obtinuit
1431 1817 1479 1849 vt
1510 1808 1691 1849 nomine

60 1861 222 1908 summi
244 1868 470 1922 pontificis
494 1884 518 1909 a
545 1883 651 1924 rege
674 1869 922 1912 Galliarum
955 1880 977 1922 5
1004 1870 1072 1912 vel
1103 1870 1129 1911 ὁ
1159 1868 1293 1909 millia
1322 1869 1579 1910 francorum
1610 1881 1689 1922 pro

57 1925 248 1981 Singulis
270 1927 471 1981 collegiis
493 1942 547 1970 ex
572 1929 702 1970 bonis
724 1929 780 1970 ad
805 1928 1214 1984 praesentationem
1239 1927 1409 1982 regiam
1430 1926 1688 1982 pertinenti-

59 1985 142 2027 bus
164 1986 424 2040 impetraret
447 2002 698 2031 assensum.

147 2055 216 2098 71.
284 2046 538 2101 Collegium
563 2048 902 2102 bragantinum,
928 2049 1012 2089 sub
1042 2055 1310 2088 autumnum
1340 2061 1431 2087 non
1462 2044 1687 2086 modicum

61 2104 234 2159 accepit
252 2104 532 2148 incremento
572 2106 666 2162 [sic]
686 2122 740 2149 ex
764 2108 1041 2150 haereditate
1065 2106 1298 2148 cuiusdam
1325 2105 1421 2159 piae
1440 2113 1687 2156 matronae,

59 2176 171 2216 quae
193 2165 378 2206 domum
402 2179 506 2207 cum
532 2181 649 2221 pago
673 2167 868 2220 quodam
891 2176 934 2209 et
953 2166 1202 2209 redditibus
1220 2165 1260 2207 ei
1279 2164 1473 2205 moriens
1493 2162 1688 2217 reliquit,

59 2235 146 2263 non
172 2230 346 2265 tantum
371 2226 426 2266 ad
452 2225 644 2279 plurium
670 2226 970 2281 collegialium
995 2224 1368 2267 sustentationem
1393 2224 1470 2266 sed
1497 2223 1549 2264 ad
1575 2222 1690 2263 salu·

60 2287 146 2323 tem
172 2284 382 2326 tuendam
412 2293 590 2339 propter
612 2285 727 2328 aeris
749 2286 1059 2327 salubritatem
1084 2291 1479 2339 peropportunam.
1509 2281 1690 2335 Episco-

59 2354 141 2395 pus
163 2342 295 2383 etiam
320 2344 562 2398 applicauit
585 2343 916 2388 ecclesiasticos
940 2345 1141 2387 redditus
1165 2343 1399 2397 quosdam,
1427 2348 1474 2382 vt
1498 2342 1613 2381 vltra
1638 2353 1691 2394 30

59 2413 111 2441 eo
133 2401 235 2442 loco
259 2403 315 2443 ali
342 2403 528 2456 possint.
1631 2458 1637 2464 ,

146 2471 217 2512 72.
286 2462 401 2504 Cum
442 2465 497 2505 D.
540 2464 810 2507 Franciscus
848 2465 904 2505 de
943 2463 1114 2505 Toledo
1154 2475 1314 2515 prorex
1354 2460 1396 2501 in
1437 2458 1692 2523 prouincias

62 2518 174 2561 Peru
202 2520 469 2573 mitteretur,
497 2537 691 2578 cumque
716 2539 792 2566 rex
816 2523 1082 2572 catholicus,
1110 2522 1179 2563 vel
1204 2520 1259 2561 ab
1283 2534 1350 2569 eO,
1384 2519 1452 2559 vel
1484 2519 1539 2559 ab
1568 2518 1688 2582 indi-

60 2589 208 2620 carum
234 2594 381 2622 rerum
407 2582 593 2624 consilio
614 2591 777 2632 motus,
801 2595 856 2625 2o
879 2598 934 2624 ex
952 2581 1115 2623 nostris
1135 2578 1375 2633 relligiosis
1394 2578 1448 2618 ad
1469 2577 1692 2642 fundatio-

60 2650 159 2679 nem
191 2639 431 2682 Societatis
461 2650 641 2684 nostrae
670 2642 1017 2691 instituendam,
1046 2649 1089 2681 et
1113 2638 1354 2693 negocium
1380 2636 1626 2688 relligionis
1649 2642 1693 2678 et

60 2695 234 2749 pietatis
258 2701 633 2753 promouendum,
659 2717 737 2756 per
760 2716 864 2743 suas
894 2700 1065 2741 litteras
1089 2707 1132 2740 et
1155 2699 1373 2752 legatum,
1400 2711 1424 2736 a
1456 2697 1589 2737 Patre
1612 2708 1691 2735 no-

59 2761 149 2797 stro
171 2758 371 2811 generali
399 2760 615 2813 petiisset,
644 2763 732 2802 hoc
757 2759 997 2803 Decembri
1024 2772 1175 2799 mense
1198 2755 1432 2798 constituit
1456 2755 1571 2796 idern
1600 2755 1691 2795 Pa-

62 2820 140 2865 ter,
165 2823 210 2857 et
234 2832 311 2871 per
334 2817 506 2860 litteras
529 2820 725 2862 iniunxit
748 2833 775 2873 4
800 2817 1154 2873 prouincialibus
1184 2815 1524 2870 Hispaniarum,
1555 2820 1600 2855 vt
1629 2819 1694 2854 tot

59 2887 246 2917 numero
268 2885 378 2930 quot
403 2879 749 2932 postulabantur
773 2894 827 2921 eo
850 2877 1096 2919 mitterent.

147 2945 217 2987 73.
283 2937 400 2978 Cum
441 2938 695 2992 patriarcha
731 2937 966 2991 Ethiopiae
1004 2935 1258 2986 scripsisset
1292 2933 1347 2974 de
1381 2940 1500 2974 statu
1547 2945 1693 2973 rerum

58 2990 173 3038 illius
191 2994 404 3049 regionis,
429 3005 472 3039 et
491 3005 659 3052 quanta
678 3012 780 3052 spes
801 2998 915 3038 foret
934 2995 1030 3037 eius
1050 2995 1104 3036 ad
1124 2992 1390 3036 catholicam
1414 2991 1694 3046 relligionem
