1891 3292
254 167 321 209 664
763 165 951 200 POLANOE
978 174 1292 201 COMPLEMENTA

297 277 365 318 32.
434 266 481 305 In
511 265 739 306 Floridam
773 266 942 307 Indiam
979 273 1066 308 tres
1096 282 1151 309 ex
1181 266 1345 308 nostris
1374 269 1458 309 sub
1489 268 1685 310 medium
1711 271 1829 324 Maii,
1889 275 1891 314 i

206 325 326 365 missi
353 325 549 373 fuerunt,
585 324 783 365 omnium
814 324 943 377 primi
973 325 1049 378 qui
1078 325 1286 367 catholici
1320 326 1440 380 regis
1473 327 1640 368 Indiam
1665 328 1829 383 attige—
1890 371 1891 374 ,

206 390 309 424 runt
332 390 375 423 et
398 396 553 424 eorum
571 390 706 436 caput
732 385 782 426 P.
810 385 1044 434 MartineZ,
1071 384 1319 427 Vallisoleti
1342 393 1588 439 prosector,
1616 387 1714 430 fuit.

295 453 364 494 33.
430 441 546 483 Cum
588 443 922 483 Francfordiam
962 443 1084 484 missi
1128 443 1309 496 quidam
1347 458 1403 485 ex
1443 445 1608 486 nostris
1660 446 1833 490 scholas

206 500 505 553 aperuissent,
532 507 577 541 et
599 501 655 541 ad
679 515 754 543 eas
791 501 925 542 etiam
951 501 1251 544 hereticorum
1291 502 1405 543 filios
1448 503 1684 545 admittere
1706 519 1832 559 opor·
1889 526 1891 530 ·

208 565 337 609 teret,
359 565 403 600 et
426 559 481 600 de
504 559 675 601 ratione
699 574 800 600 cum
826 559 889 602 eis
914 561 1166 602 tenendam
1187 560 1240 601 iis
1259 574 1374 614 quae
1391 562 1447 603 ad
1466 562 1746 617 relligionem
1765 577 1831 608 ca-

208 617 418 658 tholicam
452 618 694 671 pertinent,
735 618 1010 672 dubitarent,
1047 620 1248 660 nondum
1282 620 1488 662 absoluta
1531 622 1830 679 hebdomada,

207 676 314 717 dum
338 677 452 717 alius
484 676 619 717 alium
651 676 826 723 inuitat
857 684 901 718 et
941 678 1121 720 nomina
1149 678 1283 719 etiam
1313 686 1573 720 sanctorum
1603 681 1830 736 describit,

207 734 384 784 missae,
411 741 455 777 et
478 735 656 786 litaniis,
681 744 724 778 et
748 736 844 777 aliis
861 736 1185 778 catholicorum
1207 737 1366 779 ritibus
1381 737 1599 781 interesse
1618 754 1696 794 pro
1714 754 1833 784 more
1884 765 1886 775 ›

207 793 430 835 catholico
452 807 609 835 omnes
632 795 889 846 voluerunt;
916 802 959 838 et
983 802 1031 836 vt
1054 795 1301 838 catholicos
1324 811 1373 838 se
1396 811 1554 851 gerere
1572 807 1830 853 coeperunt.

207 853 323 894 Cum
346 859 497 894 autem
535 853 874 896 concionatores
911 854 1227 905 hereticorum,
1253 855 1299 896 in
1323 869 1476 898 eorum
1506 865 1714 910 parentes
1737 866 1829 900 sto-

209 912 542 961 macharentur,
579 920 622 954 et
655 913 1070 955 excommunicatos
1107 914 1401 966 declararent,
1435 915 1473 956 si
1505 915 1620 957 filios
1648 930 1754 958 suos
1781 919 1834 960 ad
1889 938 1891 956 ι

208 971 385 1011 scholas
408 977 663 1011 nostrorum
688 971 934 1021 mitterent,
962 986 1050 1012 non
1076 973 1211 1014 modo
1235 973 1409 1014 nullum
1434 981 1733 1027 retraxerunt,
1759 978 1835 1018 sed
1890 1011 1891 1015 ,

209 1028 318 1070 alios
341 1028 474 1070 etiam
507 1029 764 1080 misserunt,
792 1038 836 1071 et
865 1032 1086 1073 catholice
1116 1031 1289 1091 institui
1314 1033 1630 1085 permiserunt.
1670 1036 1834 1077 Eodem

209 1088 301 1130 fere
335 1095 547 1142 tempore,
588 1101 693 1129 cum
736 1091 908 1144 Pragae
947 1090 1107 1143 nostri,
1139 1105 1163 1131 a
1192 1105 1368 1132 summo
1398 1092 1610 1146 pontifice
1633 1093 1830 1146 animati,

209 1146 527 1201 profiterentur
570 1162 659 1189 non
698 1148 825 1190 aliter
869 1125 1171 1190 instituendos
1208 1163 1390 1204 pueros,
1436 1165 1483 1192 se
1526 1160 1831 1206 suscepturos,

209 1219 342 1259 quam
367 1205 454 1246 ritu
488 1207 727 1257 catholico,
760 1207 1134 1249 scholasticorum
1170 1216 1380 1262 parentes
1408 1210 1610 1263 heretici,
1653 1211 1697 1252 id
1734 1225 1831 1265 per-

211 1264 442 1316 miserunt,
469 1272 512 1306 et
536 1279 751 1307 numerus
780 1279 934 1307 eorum
973 1274 1040 1307 est
1070 1274 1248 1311 auctus.
1282 1269 1602 1333 Brunspergae
1631 1283 1753 1320 vero,
1789 1270 1833 1312 in

213 1323 387 1374 Prusia,
414 1324 638 1365 affirmant
670 1326 827 1375 nostri,
864 1326 1037 1367 nullum
1071 1326 1115 1366 in
1148 1326 1314 1368 scholis
1349 1327 1514 1369 nostris
1542 1342 1599 1371 ex
1629 1329 1836 1371 hereticis

208 1382 489 1424 scholasticis
525 1397 662 1438 vnum
685 1385 751 1426 vel
782 1385 971 1427 alterum
1002 1398 1202 1427 mensem
1227 1399 1425 1438 manere,
1452 1386 1558 1441 quin
1589 1388 1836 1430 catholicus

211 1441 392 1484 euadat

301 1512 371 1553 34.
442 1502 527 1542 Per
551 1502 637 1543 hoc
662 1508 853 1555 tempus,
878 1502 1048 1543 scilicet
1073 1502 1202 1553 lunii,
1229 1503 1387 1558 augeri
1410 1512 1569 1559 ceptus
1592 1513 1659 1547 est
1684 1519 1835 1548 nume-

211 1573 287 1600 rus
311 1567 564 1600 nostrorum
600 1560 850 1614 Pultouiae‚
884 1561 927 1602 in
955 1562 1157 1613 Polonia;
1193 1570 1236 1603 et
1266 1569 1542 1605 turnonense
1565 1564 1834 1618 gimnasium

208 1618 253 1658 in
278 1618 552 1672 lugdunensi
575 1618 721 1662 Gallia
746 1634 881 1685 prope
899 1621 1153 1662 desolatum
1177 1621 1294 1662 bello
1311 1628 1355 1664 et
1374 1629 1514 1676 peste,
1534 1624 1646 1665 adeo
1668 1623 1833 1665 instau—

206 1676 291 1718 rari
315 1684 495 1742 ceptum
514 1686 597 1728 est,
625 1687 672 1718 vt
695 1693 749 1720 ex
769 1679 906 1720 totius
928 1679 1180 1721 Delfinatus
1203 1679 1452 1732 nobilitate,
1474 1690 1517 1723 et
1535 1682 1719 1723 aliarum
1740 1696 1830 1747 pro-

207 1735 457 1777 uinciarum
482 1736 746 1787 vicinarum,
774 1738 1121 1790 frequentissimi
1154 1740 1396 1781 conuolare
1424 1741 1628 1791 studiosi,
1664 1749 1709 1783 et
1732 1741 1829 1795 qui-

208 1795 310 1837 dem
353 1795 605 1847 singulares
630 1810 895 1850 progressus
919 1797 962 1837 in
987 1796 1145 1840 litteris
1168 1804 1211 1840 et
1235 1798 1402 1852 pietate
1426 1800 1574 1842 facere
1602 1806 1829 1854 ceperunt;

209 1861 253 1896 et
270 1839 610 1895 obstinatissimi
630 1855 757 1896 multi
777 1855 978 1905 heretici,
1001 1857 1055 1897 ad
1074 1857 1295 1910 gremium
1316 1858 1534 1900 ecclesiae
1558 1859 1804 1901 redierunt.

299 1923 368 1965 35
436 1912 628 1955 Tolosae
650 1930 674 1956 a
699 1923 897 1967 tempore
920 1889 1306 1970 quadragesimae,
1336 1918 1385 1957 P.
1414 1917 1622 1959 Emundo
1650 1917 1829 1959 concio—

208 1980 344 2011 nante
382 1979 426 2012 et
450 1972 545 2013 aliis
578 1987 632 2014 ex
667 1973 844 2024 nostris,
880 1988 1022 2028 Vsque
1051 1963 1111 2015 ad
1138 1989 1337 2017 mensem
1376 1976 1507 2027 Iunii,
1533 1991 1589 2018 ex
1627 1976 1833 2019 hereticis

207 2029 399 2072 maxima
424 2031 666 2072 multitudo
692 2045 912 2074 conuersa
936 2040 1019 2074 est.
1068 2034 1123 2075 Et
1147 2033 1343 2075 ciuitatis
1372 2048 1423 2075 ac
1453 2035 1758 2078 vniuersitatis
1790 2042 1832 2078 et

207 2089 488 2142 parlamenti,
520 2090 650 2155 primi
683 2090 849 2144 quique
881 2091 977 2141 viri,
1010 2092 1228 2147 singulari
1259 2093 1425 2143 studit),
1459 2094 1732 2137 Societatem
1758 2108 1832 2135 no-

207 2154 345 2188 stram
378 2149 585 2202 prosequi
615 2164 663 2191 se
692 2149 1022 2202 significarunt
1055 2159 1099 2193 et
1131 2153 1313 2193 domum
1355 2167 1522 2207 magno
1552 2153 1701 2207 precio
1730 2157 1830 2195 coe-

208 2208 414 2247 mendam
439 2208 494 2248 ad
517 2215 695 2249 nostros
718 2209 793 2261 qui
816 2208 860 2249 in
885 2208 1141 2263 ignobiliori
1165 2211 1265 2252 loco
1300 2211 1422 2265 prius
1429 2187 1732 2263 &habitabann
1759 2225 1830 2253 ex-

204 2264 451 2318 cipiendos
485 2274 774 2309 curauerunt.
816 2268 1027 2321 Lugduni
1062 2270 1193 2311 etiam
1226 2284 1317 2311 non
1349 2271 1478 2324 pauci
1509 2272 1563 2313 ad
1593 2271 1831 2314 conciones
1890 2276 1891 2311 ἶ

205 2324 257 2366 Ρ
286 2324 405 2366 Petri
429 2325 662 2376 Christini,
690 2332 784 2366 tum
808 2325 918 2377 itali,
948 2335 1039 2368 tum
1065 2328 1169 2381 galli
1195 2328 1404 2370 conuersi
1426 2337 1547 2371 sunt.

295 2383 477 2436 3610
501 2384 642 2426 Frisia
665 2384 945 2435 occidentali,
968 2387 1105 2427 nostri
1131 2387 1205 2441 qui
1235 2387 1309 2428 diu
1340 2387 1434 2430 sine
1464 2389 1639 2430 auxiliis
1664 2396 1828 2442 tempo-

206 2441 372 2483 ralibus
395 2443 690 2485 laborabant
681 2457 726 2484 ln
747 2444 1048 2497 proximorum
1066 2446 1255 2487 Vtilitate
1272 2446 1489 2511 spirituali
1510 2447 1825 2501 promouenda,

205 2502 527 2543 monasterium
548 2500 805 2558 quod[d]am
825 2517 1016 2544 vacuum
1036 2519 1060 2545 a
1078 2505 1201 2547 curia
1219 2506 1339 2559 regis
1359 2506 1522 2561 Philipi
1539 2512 1823 2561 acceperunt,

205 2574 259 2602 ex
284 2560 412 2601 cuius
437 2561 684 2603 redditibus
708 2562 950 2604 alerentur.

294 2630 365 2671 37.
430 2621 478 2661 In
503 2634 622 2661 nouo
654 2621 821 2673 templo
851 2628 894 2663 et
922 2621 1057 2662 domo
1087 2622 1135 2664 S.
1161 2624 1373 2666 Andreae
1405 2623 1449 2664 in
1480 2624 1823 2673 Montecauallo,

205 2677 365 2718 domus
390 2678 663 2720 nouitiorum
695 2680 779 2720 sub
809 2679 983 2720 initium
1015 2681 1216 2734 Augusti
1248 2682 1421 2723 institui
1446 2697 1470 2724 a
1502 2684 1550 2725 P.
1578 2681 1827 2736 praeposito

206 2737 405 2790 generali
429 2747 557 2791 cepta
579 2746 663 2780 est.

295 2795 367 2848 38.
432 2797 479 2837 In
498 2796 569 2838 die
589 2796 924 2851 Assumptionis
941 2796 985 2838 in
1007 2798 1171 2851 templo
1189 2805 1359 2849 nostro,
1386 2799 1431 2840 in
1450 2799 1657 2841 manibus
1678 2801 1728 2840 P.
1750 2813 1824 2840 no-

203 2853 284 2895 stri
308 2855 531 2906 generalis
556 2863 658 2896 vota
676 2869 756 2897 sua
781 2856 1060 2905 aediderunt,
1087 2863 1131 2897 vt
1155 2857 1437 2899 coadiutores
1460 2858 1715 2912 spirituales
1740 2857 1823 2898 for-

205 2913 324 2963 mati,
351 2912 377 2952 ii
402 2913 477 2966 qui
500 2921 766 2968 sequuntur,
792 2916 949 2956 eodem
974 2914 1130 2957 ordine
1154 2929 1242 2969 quo
1265 2917 1532 2959 subdentur:
1559 2919 1608 2958 P.
1634 2916 1822 2959 Guiller-

206 2983 304 3010 mus
338 2972 599 3014 Fernandez
628 2972 870 3028 lusitanus,
911 2975 967 3015 P.
1008 2973 1208 3028 Baptista
1240 2976 1485 3026 Romanus,
1528 2977 1577 3018 P.
1612 2975 1825 3029 Iosephus
