1891 3292
520 200 659 234 EP1ST.
680 209 861 238 242—10
880 201 1098 238 OCTOBRIS
1122 212 1209 247 ¹575
1568 205 1634 248 377

46 303 249 349 sacrificii
272 302 317 343 di
341 302 396 344 V.
428 303 498 351 R,
526 307 570 343 et
593 300 912 343 domandiamo
937 318 1018 345 sua
1041 304 1365 347 benedittione.
1404 305 1457 347 Di
1486 306 1680 347 Messina

49 382 77 424 li
102 381 128 423 6
150 379 194 422 di
219 378 415 422 Ottobre
445 387 572 431 1575.

134 459 202 499 De
226 457 281 498 V.
306 457 356 498 P.
385 455 557 505 figliolo
575 462 620 497 et
638 469 774 495 seruo
798 455 841 496 in
867 457 969 507 X.⁰,

795 533 824 587 ἦ·
843 535 1034 588 JOANNE
1060 549 1121 577 DE
1150 537 1393 578 PoLANco.
1422 537 1448 591 ἢ

136 610 396 663 Inscriptio.
420 609 449 663 †
475 608 533 650 Al
560 608 698 649 molto
718 608 833 650 Rdo.
856 610 898 649 in
920 610 1037 663 Xpo.
1064 611 1207 652 Padre
1226 620 1397 659 nostro,
1420 612 1446 652 il
1470 614 1521 655 P.
1549 615 1680 655 Mtro.

52 687 277 739 Euerardo
312 685 617 736 Mercuriarm,
656 685 883 739 preposito
919 687 1130 737 generale
1169 688 1285 728 della
1327 689 1607 743 Compagnia
1643 690 1682 730 di

53 763 208 808 Giesu.
233 764 391 807 Roma.

137 840 295 895 sigilli
315 840 578 894 vestigium.

444 1106 803 1143 POLANCUS
842 1106 1301 1143 MERCURIANO

533 1211 729 1237 MESSANA
761 1211 803 1235 10
830 1210 1039 1237 OCTOBRIS
1070 1211 1157 1245 1575
1187 1203 1210 1236 ¹.

287 1300 462 1332 Domum
477 1299 757 1344 professorum
777 1298 935 1342 erigere
955 1298 1126 1343 cupiunt
1146 1299 1249 1332 duae
1270 1298 1469 1332 civitates:

628 1358 880 1402 Drepanum,
900 1360 936 1391 et
958 1357 1118 1393 Piazza.

134 1463 233 1518 Jhs.
260 1461 287 1515 †
312 1461 457 1504 Molto
493 1461 606 1502 Rdo.
641 1459 684 1500 in
721 1461 840 1514 Xpo.
882 1459 1027 1501 Padre
1065 1466 1240 1502 nostro.
1271 1459 1361 1500 Pax
1386 1460 1571 1509 Christi,
1598 1468 1685 1503 ete.

56 1538 224 1581 Auanti
258 1539 298 1580 la
334 1537 497 1593 partita
532 1545 685 1579 nostra
720 1551 799 1590 per
832 1536 1022 1578 Catania
1057 1536 1116 1576 mi
1146 1538 1233 1577 han
1264 1536 1369 1577 dato
1403 1536 1612 1578 occasion
1644 1537 1685 1577 di

57 1614 235 1658 scriuer’
262 1630 287 1656 a
314 1616 368 1657 V.
399 1617 471 1666 P„
499 1615 649 1669 quello
678 1615 765 1656 che
796 1627 997 1669 pensauo
1027 1614 1197 1655 scriuer
1221 1613 1286 1654 fra
1309 1614 1420 1656 altre
1451 1627 1556 1654 cose
1581 1614 1684 1654 uni-

59 1692 215 1736 uersali
246 1692 290 1734 di
320 1700 479 1747 questa
510 1691 760 1747 prouincia,
797 1705 925 1733 come
955 1692 994 1733 le
1026 1692 1197 1733 hauero
1222 1697 1402 1732 trattate
1431 1691 1474 1731 in
1500 1690 1688 1732 Catania

54 1771 120 1812 col
144 1770 438 1825 prouinciale;
465 1777 510 1812 et
533 1777 693 1825 questo
717 1770 741 1811 6
764 1768 807 1810 di
834 1783 921 1810 una
946 1783 1051 1810 casa
1076 1770 1293 1823 professa,
1320 1768 1361 1809 la
1393 1768 1524 1822 quale
1557 1765 1690 1808 insin’

53 1847 209 1889 adesso
246 1862 336 1889 non
376 1847 399 1890 ὲ
429 1847 474 1888 in
514 1855 674 1901 questa
712 1846 970 1901 prouincia,
1003 1853 1048 1888 et
1078 1846 1113 1887 si
1153 1845 1424 1888 offeriscono
1454 1845 1542 1886 due
1582 1844 1690 1885 citta

53 1924 344 1968 d'accettarle.
372 1924 518 1968 L’una
541 1925 566 1967 6
590 1925 806 1979 Trapaffl,
827 1926 866 1965 la
892 1924 1024 1978 quale
1043 1925 1100 1965 ha
1118 1923 1274 1965 scritto
1293 1938 1316 1964 a
1341 1924 1397 1965 V.
1422 1923 1492 1972 P„
1514 1921 1687 1964 benche

55 2003 265 2056 pretende
288 2003 413 2045 detta
437 2002 564 2053 citta,
591 2004 675 2044 che
698 2002 768 2044 col
799 2008 950 2056 tempo
980 2002 1105 2044 detta
1136 2015 1238 2043 casa
1268 2000 1439 2042 diuenti
1471 1998 1680 2052 collegio.

55 2079 216 2122 L'altra
241 2080 264 2121 6
290 2080 468 2130 Piazza‚
495 2079 604 2122 citta
626 2079 692 2121 de’
718 2079 959 2122 Lombardi
985 2079 1058 2133 gia
1079 2078 1175 2120 fatti
1200 2077 1403 2129 siciliani,
1432 2091 1502 2117 ma
1532 2075 1681 2116 bonis-

124 2234 134 2253 ¹
187 2235 242 2268 Ex
257 2236 468 2280 archetypo
495 2235 533 2269 in
558 2234 691 2269 codice
720 2235 850 2281 Epist.
882 2234 1067 2274 Polancz',
1096 2242 1115 2266 2
1140 2233 1194 2275 ff,
1217 2245 1254 2270 n.
1280 2241 1356 2275 105,
1381 2232 1484 2276 prius
1512 2229 1594 2273 348.
1617 2230 1688 2263 Re-

55 2303 234 2338 sponsum
254 2293 343 2328 vide
363 2295 400 2328 in
421 2294 536 2339 epist.
557 2302 637 2338 247,
660 2293 764 2328 Nihil
787 2293 840 2327 ibi
860 2293 907 2327 de
929 2292 1080 2328 Piazza.
1103 2293 1244 2335 Antea,
1271 2292 1292 2324 6
1318 2289 1574 2335 Septembris,
1596 2289 1693 2322 Mer-

55 2353 231 2388 curianus
255 2353 302 2388 ad
329 2354 538 2388 Polancum
566 2353 728 2387 dederat
756 2353 919 2396 litteras,
949 2353 1091 2398 quibus
1123 2353 1232 2385 haec:
1261 2350 1525 2395 drepanenses
1541 2348 1691 2393 juratos

55 2417 184 2457 petere
203 2419 242 2447 ut
260 2413 494 2448 conderetur
508 2413 645 2447 domus
666 2412 942 2458 professorum3
966 2412 1117 2445 Patrem
1138 2416 1267 2445 autem
1284 2410 1498 2455 Gasparem
1516 2408 1691 2442 Sanchez

55 2470 181 2505 dicere
200 2473 339 2507 melius
358 2484 446 2507 esse
465 2473 688 2517 collegium;
710 2483 818 2517 spem
838 2472 967 2505 datam
987 2470 1310 2515 drepanensibus3
1331 2467 1626 2509 consulendum,
1644 2478 1689 2500 an

57 2529 183 2566 domui
196 2531 420 2567 condendae
435 2533 560 2577 potior
575 2534 625 2566 sit
640 2532 906 2577 panormitana
922 2542 1035 2576 quam
1052 2529 1305 2575 drepanensis
1320 2528 1473 2564 civitas.
1491 2527 1584 2562 Ital.
1602 2526 1691 2570 148,

58 2588 120 2624 fol.
141 2589 240 2626 282r.
268 2591 406 2625 Postea
432 2602 536 2634 vero,
564 2591 628 2625 die
654 2590 696 2625 31
728 2591 976 2633 Decembris,
998 2589 1133 2623 scribit
1161 2587 1426 2622 Mercurianus
1445 2585 1520 2620 sibi
1541 2586 1693 2630 placere

57 2648 250 2683 civitatem
272 2650 433 2685 Piazzae
452 2650 499 2684 ad
518 2651 756 2685 erectionem
776 2650 914 2684 domus
937 2648 1213 2694 professorum,
1238 2645 1446 2680 dummodo
1465 2643 1692 2679 ministeriis

59 2709 195 2744 nostris
213 2711 392 2745 omnibus
417 2712 525 2745 locus
549 2712 599 2745 sit
626 2717 665 2746 et
692 2711 852 2755 triginta
871 2709 1070 2744 sodalibus
1090 2707 1238 2742 alendis
1270 2707 1446 2741 facultas:
1481 2705 1572 2740 Ital.
1604 2714 1692 2750 149,

59 2766 120 2802 fol.
139 2777 221 2811 419.
239 2769 384 2803 Eadem
404 2769 485 2805 fere
503 2770 648 2815 repetit
669 2770 907 2804 Possevinus
927 2768 974 2802 ad
989 2767 1168 2803 eumdem
1189 2767 1400 2800 Polancum
1427 2765 1522 2799 dans
1543 2764 1693 2798 litteras

58 2825 262 2872 7Januarii
281 2830 482 2875 sequentis
501 2830 606 2864 anni:
632 2829 735 2874 Opp.
757 2829 845 2864 NN.
869 2828 953 2873 328,
975 2827 1017 2865 ff,
1044 2835 1163 2870 19-20.
1187 2825 1286 2859 Vide
1305 2831 1345 2859 et
1364 2825 1465 2870 epist
1480 2835 1578 2869 seq.,
1600 2835 1637 2857 n.
1658 2830 1691 2862 7.

129 2886 204 2921 Sed
222 2899 314 2922 ecce
327 2896 349 2931 7
369 2889 514 2934 Aprilis
532 2889 621 2933 1576
635 2889 748 2934 jubet
765 2888 1031 2923 Mercurianus
1048 2887 1258 2920 Polaneum
1278 2895 1398 2919 novas
1415 2883 1612 2927 «domos»,
1629 2890 1695 2916 aut

60 2943 238 2981 domuum
263 2947 302 2982 in
326 2948 492 2993 collegia
520 2949 757 2983 mutationes
786 2959 860 2982 non
887 2947 1108 2981 admittere:
1136 2945 1226 2979 Ital.
1257 2954 1342 2988 150,
1369 2943 1434 2979 fol.
1457 2943 1539 2987 3893
1561 2948 1600 2977 et
1619 2942 1692 2976 du-

63 3003 244 3049 plic.,fol.
265 3005 347 3050 391.
