1891 3292
593 180 1118 228 COMMENTAR1orA.—1564
1543 187 1588 230 64
1596 195 1609 221 1

125 285 194 340 38.
261 282 344 325 Die
374 294 424 337 19
448 281 662 324 Octobris
691 283 742 323 P,
771 283 929 325 Petrus
953 285 1202 339 Venustus,
1225 292 1371 328 rector
1388 285 1566 342 collegii
1590 286 1660 328 Βί-

38 348 195 397 bonae,
222 351 265 384 et
289 343 344 383 de
367 354 421 382 eo
443 340 608 395 oppido
632 341 800 395 optime
825 343 1027 394 meritus,
1049 352 1092 385 et
1117 351 1326 398 tanquam
1350 346 1480 387 Pater
1498 359 1663 400 paupe·

38 419 132 450 rum
156 410 201 444 et
224 399 526 455 indigentium
554 398 597 440 in
622 406 813 454 Vtroque
838 402 1018 444 homine
1040 402 1336 457 existimatus,
1363 403 1515 458 gladio
1544 403 1663 459 impii

36 462 271 508 cuiusdam
295 458 564 512 sacerdotis,
600 458 675 512 qui
709 460 765 500 ab
799 473 852 501 eo
885 460 1139 503 admonitus
1174 463 1334 514 fuerat,
1361 470 1407 503 vt
1439 463 1551 504 vicia
1583 477 1663 504 sua

37 524 279 570 desereret,
325 517 556 570 occubuit,
603 525 864 571 martyrque
909 520 990 561 Dei
1035 522 1228 575 (propter
1274 521 1466 564 iustitiae
1504 534 1664 577 nempe

40 595 150 638 opus
171 586 362 621 mortem
386 578 625 632 oppetens)
649 576 829 618 habitus
852 585 934 620 est.

125 652 194 695 39.
262 638 309 679 In
334 637 532 678 toletana
554 635 756 686 ciuitate,
784 635 869 677 iam
894 637 1028 678 domo
1052 638 1229 692 propria
1258 638 1424 690 habita,
1450 639 1663 693 templum

37 697 273 745 Societatis
296 702 477 738 nostrae
499 694 728 737 aedificari
751 695 884 749 cepit.
915 696 1157 738 Panhormi
1176 697 1309 739 etiam
1326 711 1428 739 cum
1448 698 1661 752 templum

0 784 1 799 1
41 763 365 815 perangustum
387 761 522 806 esset,
546 768 713 809 magno
736 753 887 796 studio
910 761 953 796 et
976 755 1172 797 ciuitatis
1194 762 1238 797 et
1271 757 1512 798 multorum
1537 755 1664 797 nobi-

0 822 1 862 }
42 818 162 868 lium,
188 814 336 860 extrui
354 820 537 868 ceptum
560 820 628 857 est
652 813 772 855 aliud
797 814 994 868 amplum
1018 821 1061 856 et
1085 815 1140 856 ad
1169 815 1293 857 verbi
1323 815 1408 857 Dei
1438 815 1664 870 praedica-

0 891 1 922 }
42 877 207 920 tionem
231 874 465 917 idoneum.
491 873 733 915 Cordubae
754 871 910 914 itidem
933 874 1148 927 templum
1173 875 1292 927 quod
1321 888 1411 916 non
1441 875 1666 916 habebant

41 951 95 980 eo
115 948 272 989 vsque,
299 932 502 975 construi
527 947 551 973 a
575 931 740 974 nostris
764 939 945 986 ceptum
969 940 1052 974 est.
1080 934 1247 975 Romae
1276 947 1384 975 vero
1414 933 1668 975 absolutum

0 994 1 1038 1
47 995 125 1038 fuit
147 992 329 1047 collegii
352 991 584 1046 templum.
613 991 844 1042 Conchae,
869 997 912 1032 et
936 990 981 1032 in
1008 991 1170 1046 oppido
1192 992 1247 1033 de
1270 992 1517 1047 Trigueros
1540 991 1671 1033 simul

43 1068 145 1098 cum
168 1052 363 1107 collegio
387 1050 579 1094 ecclesia
603 1051 672 1093 vel
698 1051 864 1105 templa
887 1049 1033 1091 extrui
1052 1057 1197 1105 cepta.

128 1125 200 1166 40.
265 1112 381 1153 Cum
406 1109 746 1164 archiepiscopo
769 1123 1022 1154 armacanO.
1051 1110 1123 1150 cui
1154 1110 1359 1165 erigendi
1388 1109 1594 1164 collegia,
1627 1116 1671 1152 et

46 1170 360 1216 Vniuersitates
382 1170 428 1212 in
452 1168 688 1219 Hibernia,
715 1177 760 1211 et
783 1168 1034 1224 applicandi
1061 1170 1116 1210 ad
1139 1171 1224 1210 hoc
1242 1184 1353 1224 opus
1372 1169 1558 1224 quosuis
1576 1168 1671 1210 red-

43 1232 161 1275 ditus
203 1229 537 1273 ecclesiasticos
579 1229 772 1284 (praeter
817 1242 950 1282 quarn
995 1228 1353 1282 episcopatuum)
1397 1228 1528 1270 simul
1572 1241 1674 1269 cum

49 1293 97 1335 P.
123 1289 299 1333 Dauide
322 1296 476 1330 nostro
500 1294 698 1343 potestas
721 1303 746 1330 a
769 1289 876 1330 sede
895 1287 1137 1341 apostolica
1156 1301 1370 1329 concessa
1389 1289 1548 1340 fuerat,
1572 1286 1675 1328 mis-

46 1365 121 1394 sus
139 1356 206 1392 est
232 1349 281 1392 P.
308 1348 590 1391 Guillermus
613 1348 776 1402 anglus
799 1354 844 1388 et
874 1347 1107 1388 Emundus
1136 1347 1351 1388 hibernus
1380 1356 1426 1388 vt
1456 1346 1578 1387 illum
1607 1345 1673 1387 iu-

49 1416 220 1453 uarent.
246 1410 295 1450 In
319 1407 535 1463 Angliam
556 1421 661 1449 vero
690 1408 746 1449 ad
777 1406 1130 1448 consolationem
1158 1406 1481 1448 catholicorum
1513 1404 1675 1446 missus

48 1476 115 1513 est
140 1470 190 1511 P.
219 1469 422 1510 Thomas
445 1467 625 1520 anglus.

135 1539 207 1580 41.
276 1529 513 1570 Messanae
544 1525 694 1566 studia
725 1524 912 1579 logices,
941 1524 1253 1579 philosophiae
1277 1523 1494 1564 naturalis
1517 1536 1567 1564 ac
1591 1536 1679 1564 me-

53 1586 294 1643 taphisicae
317 1593 532 1640 suscepta
554 1589 677 1636 su'nt,
704 1598 806 1625 cum
832 1584 955 1634 prius
988 1591 1161 1624 tanturn
1194 1583 1486 1624 humaniores
1510 1581 1679 1623 litteras

56 1646 388 1704 profiterentur.
812 1667 815 1669 >

138 1717 210 1758 42.
277 1705 394 1747 Cum
414 1704 678 1746 Verdunum
699 1702 836 1756 aliqui
855 1716 909 1743 ex
929 1700 1262 1743 coloniensibus
1281 1699 1418 1750 missi,
1440 1706 1483 1741 et
1501 1700 1680 1741 demum

56 1772 250 1820 tempore
275 1764 411 1818 pestis
435 1765 491 1806 D.
520 1763 789 1805 Franciscus
819 1763 1037 1804 Costerus
1066 1775 1119 1801 eo
1143 1761 1316 1802 delatus
1346 1766 1479 1812 esset,
1512 1757 1680 1812 episco-

57 1839 137 1880 pus
166 1837 297 1865 suum
329 1823 571 1877 collegium
606 1821 769 1864 obtulit
804 1820 1037 1869 Societati,
1075 1834 1240 1874 magno
1274 1833 1375 1861 cum
1411 1819 1604 1866 feruore,
1641 1823 1684 1858 et

58 1883 277 1939 precibus.
305 1881 592 1925 Franchfort'i
615 1881 751 1923 etiam
777 1888 820 1922 et
845 1880 1005 1934 Spirae
1030 1884 1136 1932 (quo
1166 1894 1219 1920 ex
1250 1878 1520 1933 moguntino
1544 1875 1680 1918 colle-

58 1943 130 1999 gio
153 1942 289 1996 aliqui
312 1957 359 1984 se
383 1943 667 1983 contulerant
693 1940 831 1995 pestis
855 1939 1094 1982 euitandae
1119 1938 1280 1993 gratia)
1304 1938 1360 1978 de
1391 1935 1591 1990 collegiis
1615 1934 1687 1988 agi

61 2009 236 2057 ceptum
259 2008 344 2043 est.

142 2073 214 2115 43.
283 2061 330 2102 In
365 2060 580 2114 Angliam
608 2062 655 2102 P.
693 2061 891 2101 Thomas
922 2058 1085 2112 anglus
1115 2072 1168 2097 ex
1201 2054 1432 2110 prouincia
1462 2052 1688 2095 Inferioris

0 2167 1 2175 ,
59 2120 328 2164 Germaniae
353 2120 514 2162 missus
537 2127 621 2169 est,
649 2127 695 2160 vt
719 2118 967 2159 catholicos
992 2118 1034 2157 in
1060 2131 1113 2158 eo
1144 2130 1285 2169 regno
1310 2122 1496 2168 agentes
1525 2125 1685 2153 Conso-

61 2181 237 2230 laretur,
265 2188 308 2222 et
332 2179 509 2221 iuuaret
534 2178 578 2219 in
606 2178 816 2228 Domin03
849 2186 892 2220 et
918 2176 1092 2230 plurimi
1124 2175 1256 2217 etiam
1289 2172 1481 2228 primarii
1514 2171 1594 2211 viri
1626 2185 1690 2212 re—

64 2239 288 2281 conciliari
311 2245 326 2263 ⁰
350 2253 426 2293 per
449 2253 551 2280 eum
576 2237 795 2280 ecclesiae
820 2236 1060 2291 petierunt.

148 2310 220 2351 44.
288 2299 335 2339 In
370 2298 507 2339 domo
544 2298 847 2351 professorum
884 2294 1035 2347 Vrbis,
1074 2308 1175 2348 pars
1208 2307 1293 2332 vna
1328 2298 1529 2344 separata
1560 2296 1626 2330 est
1650 2287 1691 2328 in

65 2371 191 2399 vsum
215 2357 514 2407 nouiciorum‚
543 2357 619 2410 qui
649 2357 692 2397 in
727 2354 1070 2411 probationibus
1102 2352 1193 2394 suis
1226 2358 1475 2393 versantur:
1510 2357 1695 2391 eatenus

66 2416 179 2458 enirn
204 2416 300 2458 sine
324 2416 610 2471 separatione
634 2429 736 2457 cum
760 2415 856 2456 aliis
879 2414 1088 2469 agebant.

152 2487 222 2529 45.
291 2475 378 2518 Die
407 2488 457 2530 19
482 2476 755 2518 Nouembris
781 2476 896 2515 facta
926 2483 991 2515 est
1023 2470 1191 2513 dotatio
1215 2468 1392 2522 collegii
1418 2463 1696 2520 segobiensis

69 2548 142 2589 per
166 2535 399 2577 dominum
425 2534 763 2577 Ferdinandum
790 2535 845 2575 de
870 2532 1014 2575 Solier
1039 2528 1462 2584 archipresbiterum
1493 2533 1535 2566 et
1566 2537 1696 2565 cano-

70 2593 216 2636 nicum
241 2595 577 2649 segobiensem3
604 2602 646 2635 et
673 2601 818 2635 rector
844 2591 1106 2634 Ludouicus
1136 2590 1190 2630 de
1220 2586 1471 2630 Santander
1495 2597 1591 2625 earn
1622 2596 1697 2622 no-

71 2652 185 2695 mine
208 2654 435 2708 generalis
460 2653 678 2704 admissit,
705 2660 749 2695 et
769 2652 978 2694 eumdem
1000 2648 1333 2691 Ferdinandum
1353 2645 1396 2685 in
1418 2643 1697 2684 fundatorem

70 2712 249 2766 collegii
273 2712 407 2755 illius.

156 2772 227 2824 46.
297 2772 380 2815 Die
412 2773 483 2825 4.a
518 2771 783 2813 Decembris
816 2768 971 2810 scribit
1007 2766 1244 2820 episcopus
1279 2760 1546 2817 apamiensis
1581 2757 1699 2800 Patri

74 2831 285 2883 generali,
317 2846 365 2874 se
396 2847 420 2873 a
454 2845 561 2885 rege
591 2830 841 2872 obtinuisse
873 2826 1200 2869 restitutionem
1236 2835 1262 2875 4
1295 2821 1497 2863 ordinum
1530 2816 1701 2860 mendi—

0 2897 10 2943 ἢ
74 2889 288 2945 cantium,
313 2898 358 2932 et
391 2890 569 2945 collegii
600 2890 740 2931 nostri
769 2903 823 2930 ex
852 2886 1042 2941 Apamia
1072 2885 1126 2925 ab
1156 2881 1364 2925 hereticis
1398 2879 1702 2933 expulsorum:

0 2973 11 3086 :i
145 3031 161 3048 0
211 3022 417 3056 reconciali
439 3033 508 3055 ms.

0 3060 11 3117 1
219 3087 371 3115 POLANm
392 3085 732 3115 COMPLEMENTA.—T.
752 3085 807 3112 Π..
1529 3079 1562 3105 41
