1891 3292
232 213 300 247 320
762 208 949 242 POLANC1
976 214 1291 241 COMPLEMENTA

272 310 511 355 L'orationi
535 310 589 351 de
614 310 669 351 V.
698 309 748 350 P.
771 308 811 349 01
834 309 985 348 hanno
1003 307 1203 348 condotti
1227 320 1311 347 con
1333 313 1456 347 tanto
1479 307 1631 347 buono
1648 313 1692 348 et
1712 307 1805 349 bre-

186 405 240 432 ue
264 388 428 441 viagio,
456 394 499 428 et
523 385 638 426 nelle
669 385 931 426 medessime
962 398 1093 438 spero
1122 384 1207 424 Che
1236 382 1275 423 01
1305 382 1635 436 impetraranno
1666 382 1809 437 gratia
1862 403 1863 409 ¹

184 466 225 506 di
251 463 437 506 seruirlo
460 462 503 503 in
528 467 686 516 questa
711 460 857 511 visita;
889 467 933 502 et
956 458 1051 502 0051
1082 458 1377 501 humilmente
1406 459 1446 500 le
1474 459 1699 500 domando
1724 472 1807 501 con
1867 488 1874 499 ..

185 543 222 582 la
246 554 326 582 sua
350 537 682 580 benedictione.
710 535 884 579 Guardi
908 543 952 577 et
975 535 1174 590 prosperi
1198 534 1284 576 Dio
1308 535 1365 576 N.
1391 534 1438 576 S.
1465 548 1542 588 per
1566 534 1705 575 molto
1728 548 1810 577 suo

184 615 368 658 seruitio
391 622 434 655 et
459 615 544 656 ben
563 614 618 656 de
641 614 681 655 la
705 612 987 667 Compagnia
1012 619 1179 662 nostra,
1206 619 1249 653 et
1268 624 1476 661 comune,
1504 611 1560 653 V.
1591 612 1640 652 Ρ.
1669 612 1724 654 R.
1746 612 1812 654 De

188 691 380 735 Messina
405 702 458 732 22
483 690 539 732 de
563 691 715 732 Marzo
743 699 870 742 1575.

273 770 340 810 De
365 769 417 809 V.
448 767 496 807 P.
525 765 711 807 minimo
734 779 867 807 seruo
889 773 933 807 et
956 765 1129 819 figliolo
1153 763 1195 804 in
1221 763 1322 814 X.⁰‚

895 842 925 897 †
953 843 1144 897 JOANNE
1178 855 1240 882 DE
1275 843 1514 883 POLANCO.
1550 840 1580 895 †

276 920 528 974 Inscriptio.
557 920 586 974 ’ξ-
610 919 669 961 Al
694 919 829 960 molto
854 919 966 960 Rdo.
1000 918 1044 959 in
1069 916 1153 960 X.⁰
1181 917 1324 959 Padre
1350 925 1521 969 nostro,
1548 916 1576 957 il
1603 917 1652 957 P.
1680 918 1810 959 Mtro.

189 997 418 1039 Euerardo
454 995 754 1048 Mercuriano,
792 995 1020 1050 preposito
1049 995 1262 1049 generale
1297 994 1414 1036 della
1447 992 1730 1048 Compagnia
1762 993 1815 1035 de
1878 1014 1879 1018 ¹

180 1075 306 1130 Jessl,
333 1074 377 1114 in
404 1074 563 1114 Roma.

272 1149 428 1204 sigilli
448 1150 709 1204 vestigium.

618 1377 934 1415 POLANCUS
980 1375 1382 1412 MERCURIANO

690 1463 895 1489 PANORMO
922 1454 963 1487 31
994 1461 1141 1487 MAR'rn
1171 1460 1260 1497 1575
1288 1453 1313 1488 ¹.

187 1559 218 1585 Ι.
255 1550 445 1584 Pericula
478 1550 649 1584 itineris.
669 1559 742 1584 -2.
777 1549 983 1583 Affessanae
1010 1548 1150 1592 aliqua
1180 1549 1424 1581 monimenta
1452 1547 1595 1580 rectori
1621 1545 1818 1584 relicta.—

260 1620 291 1653 ς.
325 1609 505 1643 Visttatio
516 1611 641 1654 grata
661 1612 716 1643 est
736 1609 1091 1650 nostratibus.—4.
1117 1607 1353 1641 Bobadillae
1374 1604 1578 1639 submissio
1596 1616 1642 1638 ac
1659 1605 1818 1647 caritas,
1881 1619 1891 1626 r

256 1672 291 1703 et
314 1669 480 1703 Polancz'
499 1669 540 1702 in
561 1668 689 1711 ipsum
710 1667 981 1702 observantia.

280 1777 314 1806 1.
375 1766 473 1819 Jhs.
515 1764 655 1805 Molto
686 1763 797 1804 Rdo.
832 1762 875 1803 in
908 1763 991 1804 X.0
1019 1762 1165 1804 Padre
1197 1771 1369 1803 nostro.
1404 1761 1498 1801 Pax
1527 1758 1616 1814 ΧΗ,
1643 1765 1728 1800 etc.
1754 1759 1819 1799 De
1880 1773 1891 1793 2¹

187 1841 345 1895 Napoli
371 1840 561 1895 partimo
584 1839 721 1894 dopoi
745 1841 828 1880 Che
846 1838 997 1880 serissi
1022 1837 1210 1879 l’vltima
1229 1852 1254 1879 a
1278 1838 1334 1879 V.
1359 1838 1429 1892 P„
1456 1843 1501 1878 et
1522 1835 1567 1876 in
1587 1850 1673 1876 vna
1692 1833 1817 1889 galea
1880 1850 1887 1873 ῑ

188 1918 231 1959 in
257 1925 403 1960 trenta
422 1919 529 1958 hore
547 1916 716 1958 incirea
733 1916 1005 1957 arriuammo
1029 1928 1115 1955 eon
1140 1913 1284 1955 sanita}
1309 1928 1333 1955 a
1357 1912 1569 1956 Messina.
1592 1913 1647 1953 Et
1667 1911 1688 1953 0
1707 1918 1818 1952 stata
1883 1940 1885 1943 -

188 1994 462 2048 prouidenza
480 1994 536 2035 de
554 1992 679 2034 Iddio
701 1992 966 2047 particolare
985 1992 1073 2032 che
1085 2005 1175 2032 non
1193 1989 1459 2044 partessimo
1477 2002 1555 2043 per
1569 1997 1704 2042 terra,
1724 2002 1816 2042 per·
1874 1976 1891 2035 ζ’

188 2071 272 2112 che
294 2071 453 2111 furono
477 2068 708 2124 sualigiati
733 2068 804 2109 dai
824 2067 1027 2109 forusciti
1049 2067 1114 2108 fra
1138 2067 1290 2108 Palma
1314 2075 1358 2107 et
1382 2065 1561 2120 Rhegio
1579 2065 1634 2106 da
1655 2076 1709 2106 20
1725 2077 1818 2118 pas·
1874 2061 1891 2108 ’ὲ

190 2146 370 2201 sagieri,
398 2147 510 2187 oltra
540 2144 796 2186 l'ineomodi
828 2152 872 2187 et
896 2158 1049 2198 5ρο550
1071 2151 1116 2184 et
1144 2144 1369 2197 longheza
1396 2143 1468 2183 (101
1496 2141 1662 2196 viagio,
1686 2146 1819 2182 estra-

190 2223 415 2264 ordinaria
454 2222 567 2277 peri
600 2221 702 2263 mali
733 2220 886 2275 tempi.
930 2221 976 2261 In
1008 2219 1205 2262 Messina
1234 2219 1291 2259 mi
1325 2220 1485 2259 furono
1514 2223 1819 2272 representate
1875 2237 1878 2243 v

189 2300 348 2340 aleune
382 2297 573 2352 ragioni,
601 2296 720 2352 quali
751 2296 809 2337 mi
843 2309 1035 2350 parseno
1063 2295 1251 2345 efficaci,
1279 2309 1356 2349 per
1385 2293 1628 2335 eominciar
1656 2294 1711 2335 de
1740 2294 1820 2334 Pa-
1876 2303 1880 2340 j*

192 2377 329 2417 lermo
352 2375 389 2415 la
415 2375 562 2425 visita,
588 2384 631 2417 et
659 2372 851 2428 espediti
881 2372 1025 2426 questi
1063 2370 1241 2425 collegii
1267 2379 1446 2412 tornare
1469 2386 1493 2411 a
1522 2369 1718 2412 Messina
1747 2382 1820 2423 per
1876 2368 1879 2378 ¹

190 2452 218 2492 li
242 2452 373 2492 messi
404 2451 475 2492 del
504 2450 714 2505 maggior
744 2449 887 2490 caldo.
917 2449 971 2489 Et
995 2448 1163 2502 perche
1187 2447 1225 2488 ci
1255 2461 1330 2488 era
1361 2446 1436 2500 qui
1460 2446 1489 2487 11
1518 2445 1773 2500 presidente
1794 2457 1819 2484 ο
1876 2436 1879 2458 ²

192 2528 338 2570 vicere·
357 2527 388 2578 2,
415 2536 457 2570 et
485 2529 630 2569 anche
654 2527 682 2567 il
712 2525 1005 2580 prouinciale,
1032 2525 1118 2566 che
1141 2524 1184 2564 in
1210 2523 1336 2564 molti
1359 2523 1404 2565 (11
1424 2538 1515 2565 non
1533 2523 1722 2564 sarebbe
1741 2535 1817 2563 ve·
1877 2543 1879 2549 ¹

190 2612 299 2646 nuto
323 2620 345 2645 a
376 2603 590 2658 Messstm,
617 2617 702 2644 con
725 2604 767 2644 la
789 2601 1015 2643 comoditz}
1040 2601 1154 2642 delle
1183 2599 1336 2655 galere
1365 2601 1449 2640 che
1471 2613 1708 2641 venenano
1737 2611 1820 2651 qua
1878 2610 1879 2635 5

189 2694 274 2721 eon
298 2695 356 2721 vn
381 2680 525 2722 amico
555 2688 724 2730 nostro,
753 2679 795 2720 id
819 2687 903 2729 est,
930 2678 958 2718 11
985 2677 1239 2731 presidente
1268 2675 1465 2726 Gisulfo,
1499 2675 1642 2729 passai
1667 2676 1819 2716 breue·
1878 2695 1879 2702 1

190 2766 340 2798 mente
363 2770 451 2797 con
476 2756 564 2797 mio
586 2768 842 2810 eompagno
867 2753 910 2794 in
936 2768 1040 2807 qua.

262 2939 271 2956 ¹
324 2938 380 2971 Ex
400 2937 638 2981 autographo
658 2936 695 2969 in
714 2935 846 2969 codlee
869 2935 994 2978 Epist.
1016 2932 1195 2973 Polanci,
1220 2940 1239 2964 2
1259 2931 1316 2975 ff,
1339 2943 1375 2966 n.
1398 2933 1455 2974 84,
1478 2931 1582 2976 prius
1603 2939 1682 2975 254.

262 2998 274 3015 '⁸'
326 2997 446 3041 Epist.
470 2995 662 3041 praeced„
686 3000 814 3029 annot.
838 3001 871 3036 23
895 2992 1006 3035 infra,
1029 3003 1064 3026 n.
1085 2990 1120 3027 3.
