1891 3292
576 175 1054 211 EPHEMER1DES.—DEC.
1088 184 1174 220 1557
1553 178 1622 213 613

129 278 196 320 2.ο
217 277 353 318 huius
375 276 431 318 ad
456 275 645 317 formam
664 276 888 330 quandam
914 276 1077 318 bonam
1103 278 1281 321 reduxit
1303 280 1353 321 P.
1376 278 1665 330 Laurentius,

45 338 166 380 iussu
191 337 242 378 R.
272 337 324 378 P.
359 334 533 378 Madrid
556 342 793 388 computos
811 333 849 358 dd
868 336 1045 389 collegii
1069 338 1313 391 germanici
1338 345 1382 381 et
1405 339 1564 381 domus
1584 353 1666 380 no-

44 404 176 440 strae.
202 394 363 437 Locuti
391 407 548 435 sumus
573 401 732 447 patruo
763 391 938 434 [oannis
962 390 1125 445 Iacobi,
1153 397 1227 450 qui
1259 397 1445 452 negauit
1474 412 1522 440 se
1555 398 1669 439 velle

44 456 163 498 illum
188 453 430 508 suscipere.
460 452 684 495 Octauius
707 452 835 493 iussit
859 453 1037 494 aufferri
1062 454 1196 496 libros
1229 470 1348 498 suos.
1375 458 1433 498 M.
1460 457 1666 499 Eleuthe-

44 514 133 557 rius
157 513 279 555 venit
301 527 356 555 ex
379 511 531 556 Sicilia
555 512 758 553 Romam.
786 512 1020 566 Asportari
1044 513 1171 554 iussit
1195 528 1249 555 ex
1279 515 1469 569 collegio
1494 530 1665 569 germa-

43 572 141 617 nico
163 572 299 614 libros
323 570 562 621 Octauius,
591 569 736 612 iturus
765 583 867 611 cum
905 571 1039 612 fratre
1062 573 1117 613 ad
1148 573 1412 627 religionem
1439 575 1485 617 S.
1509 568 1664 615 Domi-

45 632 129 675 nici
152 645 286 685 super
306 630 528 673 Minerua.
833 639 836 641 “

129 690 196 745 3.⁰
214 690 350 731 huius
368 690 566 731 solutum
585 694 653 729 est
674 688 886 730 Marcello
905 688 1106 730 debitum
1127 689 1411 742 conditionis,
1435 706 1514 745 pro
1532 693 1664 733 domo

44 765 172 806 quarn
196 748 518 798 inhabitamus,
544 746 678 789 etiam
704 753 809 789 ante
833 754 1026 801 tempus,
1060 749 1162 802 quia
1186 750 1469 803 praecedenti
1494 750 1564 793 die
1588 765 1664 792 ac-

43 808 470 865 ceperatVillanoua
486 819 543 860 40
561 820 722 848 aureos
741 819 798 848 ex
818 807 1190 849 reverendissimo
1210 808 1469 850 Donaciona
1490 808 1559 865 [?].
1586 811 1666 852 Re·

43 868 148 924 liqui
164 882 272 910 uero
289 867 365 921 qui
383 881 439 910 ex
459 866 615 908 eadem
635 865 708 906 illa
726 865 1295 919 &bligationesupererann
1310 867 1353 908 in
1373 867 1506 909 alium
1528 882 1666 922 quen·

43 929 139 971 dam
170 927 285 969 diem
317 933 444 969 erant
481 923 712 967 seruandi.
746 924 975 966 Conuenit
1011 926 1057 965 P.
1088 926 1378 968 Laurentium
1408 927 1463 969 de
1494 927 1666 969 habita-

45 987 163 1031 tione
185 986 230 1027 in
254 985 447 1041 collegio
470 983 734 1040 germanico
758 983 938 1037 quidam
964 984 1192 1038 hyspanus
1217 986 1476 1040 theologus.

129 1046 197 1099 4.⁰
222 1045 357 1087 huius
381 1044 527 1099 coepit
561 1044 614 1086 R.
653 1043 705 1085 P.
733 1042 974 1086 Cornelius
1008 1043 1240 1085 coniurare
1270 1043 1496 1086 obsessam
1521 1059 1545 1086 a
1568 1045 1669 1088 dae·

44 1118 175 1147 mone
197 1105 328 1147 valde
356 1103 468 1146 virili
492 1109 536 1145 et
559 1101 785 1144 constanti
808 1101 973 1144 animo,

128 1165 315 1206 Iuerunt
344 1163 400 1204 ad
430 1162 682 1205 Mineruam
708 1175 877 1215 magno
906 1161 1160 1203 deuotionis
1188 1163 1356 1204 affectu
1386 1176 1441 1204 ex
1479 1162 1670 1214 collegio

44 1222 302 1279 germanico
326 1221 551 1266 Octauius
574 1229 617 1264 et
642 1219 859 1263 Aurelius
884 1220 1059 1272 fratres,
1089 1227 1135 1262 ut
1153 1220 1373 1264 seruirent
1402 1224 1513 1264 Deo.
1549 1215 1667 1264 Misi-

44 1297 139 1324 mus
161 1289 315 1324 nostro
341 1281 521 1324 nomine
546 1279 847 1323 Catharinum
869 1280 924 1320 ad
947 1279 1140 1334 priorem
1160 1280 1435 1334 monasterii,
1459 1295 1546 1322 una
1565 1295 1667 1322 cum

43 1341 140 1393 illis,
161 1348 211 1384 ut
230 1341 624 1396 congratularetur
651 1339 729 1390 illi,
750 1353 929 1393 nosque
954 1339 1161 1392 precibus
1180 1340 1296 1381 illius
1320 1340 1670 1394 commendaret,

43 1401 135 1456 ipse
159 1415 266 1443 uero
289 1415 391 1442 cum
416 1399 648 1442 monachis
670 1397 791 1449 abiit,
818 1397 947 1439 valde
970 1406 1201 1453 acceptum
1232 1398 1406 1451 habuit,
1444 1399 1673 1441 charitatis

43 1461 254 1503 affectum
286 1474 394 1515 erga
425 1459 699 1503 Societatem
736 1458 1065 1499 demonstrans.
1110 1459 1300 1500 Ioannes
1332 1457 1600 1499 Franciscus
1629 1457 1673 1499 in

44 1533 199 1562 manus
225 1521 274 1562 R.
305 1521 356 1562 P.
384 1517 615 1561 Laurentii
643 1517 822 1572 insigne
846 1516 1070 1571 quoddam
1092 1516 1279 1558 linteum
1303 1516 1440 1569 dedit,
1463 1524 1509 1557 vt
1532 1519 1672 1558 hono-

43 1578 77 1621 ri
100 1579 155 1621 V.
200 1578 518 1621 Eucharistiae
554 1576 853 1631 dedicaretur,
890 1576 1020 1618 valde
1058 1576 1317 1619 desiderans
1356 1583 1404 1616 ut
1443 1590 1672 1619 oraremus

41 1652 118 1694 pro
136 1651 199 1681 se.

130 1699 196 1751 5.⁰
227 1697 363 1739 huius
398 1695 653 1738 coniurauit
687 1694 821 1737 etiam
864 1696 914 1736 P.
952 1693 1205 1745 Cornelius,
1241 1708 1311 1736 me
1347 1701 1583 1748 praesente
1626 1701 1669 1736 et

43 1757 241 1811 plurimis
263 1757 377 1807 aliis,
403 1770 505 1798 cum
530 1754 725 1796 maximo
749 1768 850 1796 meo
874 1761 1072 1808 stupore,
1112 1754 1231 1807 quod
1258 1752 1489 1795 uideamus
1519 1752 1670 1794 diabo-

43 1817 121 1870 los,
148 1815 230 1872 [vt]
258 1815 505 1870 poscimus,
528 1822 764 1868 tantopere
788 1814 969 1855 horrere
997 1814 1047 1854 D.
1077 1813 1239 1863 Iesum,
1266 1811 1568 1854 beatissimam
1591 1811 1673 1853 vir-

43 1875 193 1931 ginem
218 1874 464 1931 Maria[m],
491 1882 535 1917 et
558 1873 710 1915 omnia
732 1880 890 1914 sancta
915 1871 1100 1925 reliqua.

129 1934 291 1978 Vestiti
315 1944 420 1976 sunt
444 1933 563 1989 apud
588 1933 838 1976 Mineruam
860 1931 1105 1984 Antonius,
1134 1929 1357 1973 Octauius
1374 1936 1418 1971 et
1443 1929 1673 1983 Aurelius,

43 1994 353 2049 praesentibus
376 1993 605 2049 germanis
629 1999 673 2035 et
698 1991 1006 2034 saecularibus
1030 1991 1216 2040 nostris,
1243 1989 1406 2043 quibus
1429 1989 1678 2030 confratres

45 2053 274 2096 Mineruae
293 2067 509 2108 magnum
529 2051 760 2094 charitatis
778 2059 821 2092 et
840 2049 1023 2092 honoris
1043 2050 1252 2092 affectum
1295 2054 1674 2090 monstrauerunt.

45 2112 303 2168 Nuncupati
335 2121 440 2154 sunt
463 2113 597 2154 frater
623 2110 834 2159 Michael,
863 2110 998 2152 frater
1021 2108 1295 2159 Alexander,
1322 2116 1366 2150 et
1392 2108 1524 2149 frater
1549 2108 1676 2161 lgna-

45 2171 145 2214 tius.
178 2172 397 2214 Dominus
419 2179 658 2214 conseruet
677 2177 721 2211 et
746 2169 983 2211 confirmet
1008 2168 1108 2210 illos
1132 2168 1175 2208 in
1200 2166 1319 2208 omni
1342 2167 1478 2207 bono.

132 2231 262 2273 Iussit
293 2233 346 2275 R.
383 2233 433 2273 P.
468 2230 641 2273 Natalis
670 2239 719 2271 ut
750 2229 917 2278 nullus,
949 2227 1046 2269 siue
1074 2235 1191 2269 esset
1220 2227 1275 2269 de
1305 2225 1548 2277 Societate,
1581 2223 1677 2266 siue

45 2304 150 2342 non,
178 2291 419 2346 collegium
445 2290 759 2345 ingrederetur
784 2287 879 2330 sine
902 2287 1081 2328 licentia
1105 2285 1302 2340 speciali.

130 2349 199 2393 6.⁰
223 2350 427 2393 Contulit
453 2351 502 2392 P.
534 2347 806 2391 Laurentius
829 2347 979 2388 debita
1005 2345 1183 2399 collegii
1208 2343 1454 2400 germanici
1478 2357 1578 2384 cum
1603 2342 1677 2383 de-

45 2408 146 2451 bitis
168 2409 344 2461 domus3
371 2416 415 2451 et
435 2408 646 2450 omnibus
664 2406 853 2461 collatis,
880 2406 1073 2449 debebat
1096 2406 1247 2446 adhuc
1265 2403 1503 2457 collegium
1524 2402 1625 2442 dom
1635 2400 1676 2441 ui

45 2467 161 2510 circa
185 2469 301 2510 duos
323 2482 500 2510 aureos.

133 2527 201 2581 7.⁰
225 2528 360 2570 huius
382 2528 546 2570 iterum
570 2524 829 2568 coniurauit
854 2526 905 2566 P.
933 2523 1171 2566 Cornelius
1194 2547 1250 2552 —
1273 2547 1329 2552 —
1352 2535 1453 2562 cum
1483 2521 1532 2562 P.
1561 2518 1674 2559 vica·

47 2585 109 2628 rio
139 2587 355 2642 magister
387 2585 748 2630 ceremoniarum
779 2598 919 2638 papae
944 2597 1043 2624 cum
1084 2582 1290 2623 Patribus
1316 2579 1430 2636 [sic]‚
1458 2586 1504 2619 vt
1530 2583 1679 2632 posset

46 2647 247 2700 sequenti
271 2646 315 2688 in
339 2646 410 2688 die
433 2645 668 2687 coniurare
692 2644 734 2685 in
759 2644 806 2687 S.
837 2645 986 2685 Petro.

133 2706 313 2748 Obtulit
356 2707 409 2747 R.
460 2706 513 2747 P.
559 2702 832 2747 Laurentius
872 2715 1067 2756 pannum
1113 2697 1340 2741 Francisci
1378 2697 1421 2738 in
1460 2697 1675 2737 honorem

48 2764 102 2805 B.
137 2764 327 2820 virginis
350 2764 519 2807 Mariae
541 2771 586 2806 et
609 2761 855 2804 sanctisimi
878 2758 1172 2804 Sacramenti.

132 2824 246 2866 Cum
273 2823 419 2879 priore
437 2824 626 2865 fratrum
646 2823 693 2866 S.
723 2820 921 2864 Marcelli
945 2818 1116 2872 loquuti
1161 2830 1333 2866 sumus,
1360 2823 1404 2856 et
1434 2812 1674 2869 plenariam

115 3014 154 3040 dd
202 3018 408 3058 computus
428 3024 499 3047 φης.
