1891 3292
261 240 328 272 822
764 239 944 272 PoLANci
975 248 1287 273 commensura

298 341 339 382 8.
405 340 543 394 Quod
568 341 661 380 vult
685 339 891 393 impetrat
915 354 938 380 a
964 341 1072 382 Deo.
1100 340 1365 394 Gregorius:
1388 339 1433 381 Si
1453 339 1713 381 obedientes
1737 341 1825 383 fue-

212 399 348 440 rimus
374 399 634 452 praepositis
657 399 836 447 nostris,
863 399 1041 439 obediet
1066 400 1188 440 Deus
1211 398 1488 439 orationibus
1512 399 1687 439 nostris.

298 472 339 511 9.
405 458 697 499 Comedendo
715 466 801 499 etc.
831 466 1040 498 meretur:
1068 458 1184 498 vnde
1207 457 1316 497 ditat
1335 466 1379 497 et
1403 457 1506 497 naui
1530 457 1686 497 transit
1709 470 1827 499 mare

211 516 381 565 mundi,
408 525 451 558 et
474 516 601 569 quasi
623 530 761 570 eques
785 516 938 557 alienis
963 516 1163 569 pedibus,
1189 515 1288 556 ideo
1313 515 1526 569 velocius,
1554 525 1596 558 et
1621 529 1718 555 non*
1739 529 1824 557 ma—

209 575 400 623 culatur,
430 583 474 614 vt
498 575 583 615 dici
610 575 762 628 possit:
792 576 836 615 ln
863 576 1071 616 manibus
1096 575 1336 627 portabunt
1373 582 1429 624 te,
1456 581 1501 614 vt
1541 588 1626 614 non
1669 572 1821 629 [sic].⁸,

303 646 364 675 [ο.
432 634 597 675 Abiicit
621 649 644 674 a
668 647 715 674 se
738 634 805 675 sui
830 633 1190 683 sollicitudinem,
1218 647 1430 686 magnum
1455 647 1584 674 onus:
1612 633 1729 674 vnde
1751 646 1807 673 vo

207 692 295 733 lare
319 700 479 745 potest,
509 692 698 734 maxime
721 706 822 733 cum
847 693 1022 733 duabus
1044 699 1061 716 a
1084 691 1164 732 alis
1195 690 1412 733 castitatis
1450 700 1492 733 et
1533 691 1820 745 paupertatis.

301 763 315 792 1
332 763 370 792 Ι.
442 752 567 793 Facit
592 751 883 804 triumphare:
909 751 973 792 vir
996 751 1211 793 obediens
1231 752 1435 804 loquetur
1453 749 1659 791 victorias
1683 749 1709 790 ⁹.
1739 751 1823 792 No·
1862 761 1865 763 “

210 808 450 850 bilissimus
476 810 729 863 triumphus
752 818 820 852 est
843 811 896 850 de
929 810 1110 850 victoria
1134 809 1218 858 sui,
1246 810 1347 863 quia
1381 810 1502 850 Deus
1534 817 1704 863 pugnat
1750 822 1827 862 pro

210 883 279 919 eo,
305 868 376 909 cui
400 877 482 910 est:
513 869 628 910 vnde
650 869 799 910 omnia
821 869 859 910 ei
883 870 1058 911 cedent.

305 938 370 968 12.
438 928 648 969 Custodit
673 929 796 969 Deus
819 929 901 968 hos
926 928 1196 981 peculiarius
1218 935 1261 968 vt
1286 942 1406 968 suos.

304 998 368 1038 13.
444 986 675 1028 Obediunt
699 995 918 1028 creature:
947 988 1064 1028 vnde
1087 1001 1201 1039 aqua
1229 986 1346 1039 putei
1370 984 1583 1034 ascendit,
1608 985 1760 1025 leaena
1779 984 1823 1024 li—

210 1045 305 1098 gari
330 1059 378 1086 se
401 1045 519 1095 sinit,
549 1046 635 1086 imo
658 1054 702 1086 et
732 1046 856 1087 Deus
881 1047 1043 1097 (Iosue,
1078 1047 1155 1098 [‹›):
1185 1045 1420 1086 obediente
1446 1046 1540 1086 Deo
1562 1043 1660 1084 voci
1687 1043 1823 1083 horni-

212 1103 295 1153 nis,
320 1104 423 1156 quia
447 1105 575 1145 Iosue
598 1104 813 1145 obediens
839 1104 935 1145 fuit.

306 1174 370 1214 14.
442 1165 527 1204 Dat
554 1177 723 1216 pacem3
753 1163 854 1204 facit
877 1164 1064 1217 dignum
1093 1161 1376 1216 praelatione.
1403 1164 1614 1203 praeesse
1639 1174 1725 1201 non
1751 1174 1824 1202 au-

208 1220 325 1270 deat,
353 1221 427 1274 qui
452 1223 638 1264 subesse
663 1236 751 1262 non
775 1222 944 1264 didicit.

301 1290 365 1332 15.
436 1281 582 1322 Vitam
607 1282 795 1323 feliciter
818 1289 1070 1322 consumat.

300 1339 363 1380 16.
435 1340 703 1394 Gregorius:
731 1340 1002 1382 Obedientia
1028 1355 1113 1380 non
1142 1348 1226 1381 tam
1254 1340 1394 1379 virtus
1419 1353 1552 1392 quain
1579 1345 1716 1378 mater
1742 1335 1826 1376 vir-

208 1404 368 1448 tutum,
406 1413 594 1452 quarum
627 1407 754 1440 actus
789 1400 1011 1453 producit.
1059 1400 1263 1451 Sapiens:
1308 1399 1406 1440 Hoc
1447 1397 1598 1438 Virtuti
1643 1395 1826 1437 adiicies

208 1456 326 1509 quod
351 1458 525 1510 proprie
549 1459 768 1498 voluntati
792 1458 1055 1499 detraxeris.

300 1527 365 1567 17.
443 1518 647 1567 Magnam
681 1518 814 1558 ‘nabet
844 1517 1112 1565 mercedem,
1146 1517 1201 1557 ab
1234 1531 1286 1557 eo
1309 1515 1425 1557 enim
1450 1514 1725 1568 expectanda
1752 1515 1823 1556 cui

204 1575 413 1625 seruitur,
436 1583 479 1616 et
500 1577 708 1617 voluntas
727 1576 791 1617 fit:
816 1577 932 1617 vnde
951 1576 1026 1629 qui
1048 1575 1149 1616 facit
1168 1590 1308 1625 suam,
1329 1590 1353 1616 a
1376 1589 1438 1625 se,
1459 1588 1546 1614 non
1571 1588 1594 1614 a
1621 1575 1730 1624 Deo,
1758 1588 1825 1616 es-

208 1640 354 1686 pectet
379 1635 803 1676 remunerationem.

227 1690 232 1691 ⁷
298 1693 365 1734 18.
439 1694 579 1747 Quasi
624 1695 886 1747 martyrium
929 1701 1064 1747 caput
1110 1702 1288 1747 propter
1337 1693 1427 1734 X.¹1¹
1468 1699 1727 1745 amputans,
1782 1701 1825 1733 et

205 1751 300 1792 X.¹¹¹
323 1753 365 1792 in
391 1762 523 1804 caput
549 1768 801 1802 assumens,
828 1753 871 1793 id
896 1760 979 1801 est,
1007 1752 1104 1792 eius
1136 1751 1367 1792 vicarium.

298 1823 360 1864 Io.
434 1813 507 1852 Est
533 1820 656 1864 porta
680 1813 776 1862 celi,
798 1812 957 1852 domus
984 1810 1079 1852 Dei
1110 1811 1177 1852 Ve
1201 1810 1275 1863 qui
1302 1811 1469 1851 faciunt
1494 1810 1697 1863 po[r]tam
1718 1809 1823 1851 infe-

207 1882 254 1920 ri,
279 1879 324 1910 vt
350 1880 642 1923 proprietarii.

292 1940 362 1969 20.
432 1929 506 1971 Sic
530 1938 735 1970 seruatur
759 1930 868 1970 ordo
892 1929 1007 1971 versi
1031 1929 1146 1969 inter
1170 1927 1422 1981 superiores
1445 1935 1487 1969 et
1519 1927 1766 1968 inferiores.

293 1998 361 2028 21.
429 1988 585 2030 Gratia
630 1997 920 2041 recuperatur
962 1987 1244 2029 subiiciendo
1288 2001 1368 2027 nos
1411 1994 1636 2034 creature,
1692 1999 1821 2039 quam

205 2045 457 2087 amissimus
476 2061 563 2087 non
588 2047 871 2089 subiiciendo
896 2061 979 2088 nos
1005 2048 1114 2088 Deo.

275 2204 290 2220 a
340 2194 491 2228 duobus
513 2207 581 2228 ms.

274 2332 287 2350 ⁸
339 2332 401 2366 ΡΞ.
425 2331 502 2374 XC,
527 2340 582 2365 12.

273 2378 287 2397 9
339 2379 482 2421 PRov.‚
503 2379 607 2420 XXI,
630 2378 684 2412 28.
