1891 3292
598 207 735 243 EP18T.
756 216 930 250 229.—21
964 209 1064 250 MAJI
1095 217 1181 253 1575
1581 208 1648 253 335

65 312 119 356 sti
140 307 360 366 principii.
394 308 538 361 Spero
569 307 761 348 tuttavia
794 309 952 350 lettere
981 309 1036 349 de
1061 310 1116 351 V.
1149 311 1219 360 P„
1248 309 1413 364 perche
1444 324 1534 351 non
1560 311 1619 350 ho
1642 310 1695 351 ri-

63 394 222 432 ceuuta
239 385 404 426 alcuna
422 383 543 439 dopo
563 384 650 425 mia
669 384 831 438 partita
855 385 910 425 de
929 386 1087 426 Roma.
1108 387 1177 427 De
1196 386 1402 428 Palermo
1422 397 1476 439 27
1495 388 1550 429 de
1569 386 1698 441 Apri-

65 467 104 509 le
127 473 250 518 1575.

148 543 216 585 De
239 542 296 584 V.
326 542 377 584 P.
403 554 538 583 seruo
561 547 606 583 et
630 538 802 594 figliolo
827 538 872 579 in
897 538 999 589 X.⁰,

808 615 1046 671 †JOANNE
1070 631 1131 659 DE
1158 618 1403 661 POLANCO.
1432 619 1461 674 †

147 696 404 750 Inscriptio.
431 696 461 750 †
486 694 582 738 Soli
607 693 726 735 Patri
751 700 906 734 nostro
930 693 1134 748 generali
1159 695 1220 737 M.
1249 695 1496 737 Euerardo.

451 917 817 955 POLANCUS
852 917 1308 956 MERCURIANO

583 1022 788 1049 PANORMO
816 1021 856 1048 21
888 1022 982 1056 MAJI
1013 1022 1102 1058 1575
1131 1015 1156 1049 ¹.

64 1119 96 1148 Ι.
116 1110 243 1145 Dubia
253 1110 462 1156 proponit,·
487 1121 533 1144 ac
556 1110 704 1154 primo,
727 1110 773 1143 de
793 1109 1006 1143 vestiendis
1024 1108 1232 1152 fratribus
1255 1111 1403 1144 nostris
1426 1110 1639 1155 defunctis.
1661 1131 1701 1135 —

129 1179 167 1204 2.
196 1169 252 1204 De
270 1169 469 1203 librorum
485 1170 555 1214 qui
578 1168 809 1214 explicandi
833 1172 924 1202 sunt
951 1168 1149 1203 electione.
1174 1189 1215 1193 —
1233 1178 1265 1213 3.
1290 1170 1345 1203 De
1366 1169 1704 1214 disputationibus

129 1229 558 1272 scholasticorum.—4.
581 1227 639 1262 De
654 1232 794 1273 panno
813 1228 1050 1272 usurpando
1069 1229 1121 1262 ad
1146 1228 1392 1262 vestimenta.
1416 1249 1456 1253 —
1478 1239 1515 1272 5.
1536 1230 1590 1263 De
1610 1230 1704 1264 elee-

131 1287 298 1333 mosynis
317 1287 592 1321 admittendis,
611 1286 703 1321 —6.
727 1287 784 1321 De
795 1286 1023 1330 fundatore
1049 1288 1301 1332 agnoscendo
1321 1287 1481 1332 collegii
1495 1290 1704 1332 panormi-

118 1347 230 1383 tani.
251 1367 294 1372 —
309 1354 343 1391 7.
364 1347 423 1381 De
442 1346 731 1381 nonnullorum
753 1345 976 1391 officiorum
998 1345 1164 1391 regulis.
1183 1366 1226 1371 -
1242 1346 1279 1381 8.
1302 1347 1359 1380 De
1376 1347 1624 1381 haereditate
1640 1358 1702 1380 cu-

125 1406 292 1451 jusdam
324 1406 486 1441 sodalis.
507 1426 553 1430 —
571 1415 611 1450 9.
644 1406 699 1439 De
726 1409 860 1451 par-va
888 1405 1023 1439 insula
1052 1405 1191 1439 Sancti
1220 1406 1484 1440 Pantaleonis
1518 1407 1638 1441 dicta.
1659 1427 1704 1431 —

135 1474 192 1501 Io.
215 1466 427 1510 Quaedam
449 1465 698 1500 oeconomica
726 1465 772 1499 de
799 1464 1104 1509 collegiis—[I.
1129 1465 1221 1498 Post
1241 1467 1450 1511 scriptum:
1477 1467 1524 1500 de
1551 1466 1705 1500 casibus

132 1525 368 1570 quibusdam
391 1525 619 1566 reservatis,
644 1528 684 1558 ut
703 1527 856 1559 vocant.

157 1633 191 1664 Ι.
259 1622 288 1677 ’1-
321 1622 421 1678 jhs.
466 1621 607 1663 Molto
647 1620 761 1662 Rdo.
805 1619 848 1660 in
885 1621 1006 1674 Xpo.
1047 1620 1191 1662 Padre
1230 1628 1400 1663 nostro,
1441 1621 1535 1662 Pax
1574 1621 1700 1663 Chri-

66 1698 134 1750 sti,
166 1706 248 1741 etc.
294 1699 473 1740 Alcune
511 1696 729 1739 difficolt&
760 1698 847 1738 che
877 1697 918 1738 ci
941 1711 1052 1738 sono
1076 1711 1261 1740 occorse
1284 1698 1418 1751 (oltra
1442 1698 1589 1751 quelle
1612 1698 1703 1740 del-

69 1776 212 1818 l’altra
235 1774 407 1830 lettera)
431 1775 649 1830 proporro
673 1789 749 1829 per
774 1782 933 1828 questa
956 1788 980 1815 a
1005 1775 1061 1816 V.
1092 1776 1142 1817 Ρ.

150 1852 198 1894 In
225 1867 311 1894 una
335 1852 488 1906 regola
510 1851 769 1894 dell'officio
798 1852 869 1892 del
901 1858 1045 1893 rettor
1074 1852 1110 1893 si
1140 1852 1256 1904 dice,
1284 1866 1412 1894 come
1431 1853 1576 1893 anche
1600 1852 1703 1893 nelli

65 1929 229 1972 decreti
247 1929 362 1971 della
381 1928 522 1984 prima
541 1928 914 1984 congregatione,
939 1929 1121 1971 decreto
1141 1942 1212 1982 30,
1241 1929 1370 1970 titolo
1389 1930 1432 1979 ὁ,
1454 1937 1500 1969 vt
1526 1932 1701 1979 tratres,

67 2007 139 2060 qui
162 2007 418 2050 sacerdotes
443 2021 530 2047 non
554 2016 677 2058 sunt,
705 2005 982 2060 sepeliantur
1003 2007 1161 2049 eodem
1182 2007 1316 2047 modo
1339 2007 1499 2058 induti,
1520 2021 1610 2060 quo
1631 2006 1704 2047 alii

65 2084 210 2126 clerici
233 2083 426 2134 honesti,
453 2084 529 2137 qui
553 2084 815 2126 sacerdotes
841 2097 927 2124 non
963 2093 1086 2134 sunt,
1123 2084 1248 2125 indui
1280 2085 1446 2127 solent.
1471 2084 1518 2124 In
1545 2091 1704 2137 questo

65 2174 196 2215 paese
218 2160 232 2202 i
254 2160 439 2203 chierici
461 2160 497 2201 si
521 2160 804 2215 sepeliscono
828 2174 912 2202 con
938 2161 977 2202 la
1001 2168 1139 2214 cotta,
1167 2168 1211 2202 et
1241 2175 1349 2216 pare
1378 2160 1702 2202 inconuenien-

65 2246 106 2281 te
127 2239 212 2281 che
233 2237 246 2278 i
271 2238 412 2279 nostri
436 2237 545 2279 meri
568 2237 667 2279 laici
691 2236 818 2279 siano
841 2237 1017 2292 sepeliti
1039 2252 1125 2279 con
1149 2239 1314 2293 quella,
1341 2239 1534 2281 essendo
1559 2237 1701 2280 uesti-

66 2324 211 2357 mento
235 2316 443 2357 clericale
467 2314 498 2359 ².

149 2404 189 2436 2.
258 2393 341 2434 Nel
365 2392 611 2435 medesimo
635 2391 789 2434 officio
812 2392 883 2433 del
909 2400 1076 2436 rettore
1105 2392 1141 2434 si
1174 2401 1291 2444 nota,
1318 2395 1403 2434 che
1429 2393 1569 2433 faccia
1601 2406 1704 2432 usar

65 2470 105 2510 la
128 2469 312 2513 lettione
335 2469 440 2512 delli
464 2469 583 2520 libri,
609 2470 696 2512 che
720 2470 836 2512 nelle
866 2470 1112 2512 Vniuersita
1142 2478 1185 2511 et
1217 2469 1397 2525 collegii
1427 2470 1545 2512 della
1570 2470 1702 2511 Com-

66 2547 225 2602 pagnia
249 2548 285 2588 si
307 2549 458 2590 hanno
482 2562 506 2588 a
525 2548 712 2602 leggere
735 2548 934 2589 secondo
958 2548 998 2589 la
1021 2547 1397 2590 determinatione
1421 2547 1536 2589 della
1568 2547 1704 2588 Corn-

66 2623 243 2679 pagnia;
269 2632 313 2666 et
332 2631 491 2678 questa
517 2625 669 2679 regola
689 2624 710 2666 ὲ
732 2626 968 2667 conforme
987 2625 1072 2666 alla
1096 2637 1123 2677 4
1141 2631 1268 2680 parte
1286 2624 1402 2667 delle
1428 2635 1580 2666 nostre
1600 2637 1704 2665 con-

65 2700 302 2755 stitutioni,
329 2716 443 2756 capo
474 2714 539 2754 14.
568 2702 694 2744 Hora
724 2702 760 2743 si
791 2703 1032 2753 domanda,
1067 2717 1115 2744 se
1146 2702 1205 2743 tal
1231 2700 1494 2743 risolutione
1518 2701 1573 2742 de
1604 2700 1703 2741 libri

135 2842 143 2861 ¹
195 2844 250 2878 Ex
277 2845 488 2890 archetypo
515 2845 553 2879 in
581 2844 716 2879 codiee
742 2846 873 2891 Epist.
895 2846 1075 2884 Potamoi,
1107 2854 1126 2878 2
1154 2843 1211 2887 ff„
1242 2856 1278 2878 n.
1300 2854 1359 2888 90,
1389 2844 1493 2888 prius
1519 2852 1597 2887 272,
1621 2843 1702 2887 273.

69 2901 165 2936 Huic
180 2909 219 2937 et
237 2905 416 2949 sequenti
435 2915 664 2949 responsum
683 2904 815 2939 datum
837 2917 911 2939 una
931 2905 1110 2950 epistola,
1136 2903 1175 2937 18
1195 2903 1316 2949 Junii.
1340 2903 1429 2936 [tal.
1452 2911 1535 2946 147,
1558 2903 1599 2938 ff.
1618 2902 1704 2946 340-

68 2957 149 3002 342,
169 2966 281 2995 antea
297 2962 419 3005 56-58.

136 3020 148 3038 2
199 3020 329 3066 Resp.:
352 3020 597 3066 coadjutores
613 3022 751 3057 fratres
768 3034 842 3057 non
865 3023 1111 3068 sepeliendos
1130 3034 1217 3056 cum
1238 3020 1533 3067 superpelliceo.
