1891 3292
269 234 337 266 612
778 230 965 263 POLAncr
992 238 1305 264 COMPLEMENTA

223 332 470 374 dimisimus
508 330 650 372 amice
683 337 758 372 22¹²
786 329 1130 371 constitutiones
1168 330 1362 384 collegii,
1396 331 1751 373 communicatus
1779 341 1843 376 est

224 392 316 445 ipse
334 389 536 443 sequenti
556 388 677 444 [die],
699 388 911 430 salutauit
930 389 980 430 R.
1005 390 1052 430 P.
1075 388 1306 440 vicarium,
1329 391 1378 430 P.
1401 390 1664 442 Polancum,
1685 391 1736 432 P.
1753 393 1840 435 Ma-

222 450 333 501 drid,
361 450 410 490 P.
439 447 716 498 Cornelium,
742 453 786 490 et
808 446 916 488 satis
937 447 1082 489 laetus
1104 447 1309 489 discessit
1338 448 1394 489 26
1422 448 1572 501 hujus:
1599 449 1728 490 Faxit
1751 451 1840 492 Do-

222 509 368 549 minus
399 514 446 549 ut
475 506 538 548 sic
570 506 610 548 ei
634 497 865 548 vilescant
883 505 1031 547 omnia
1055 507 1298 560 mundana,
1324 513 1372 547 vt
1395 507 1604 549 omnibus
1628 507 1842 562 praeferat

220 566 459 620 aliquando
483 571 792 620 paupertatem
817 571 861 606 et
884 564 1179 607 humilitatem
1200 564 1367 608 Christi
1390 565 1570 607 Domini
1593 566 1749 609 nostri.

307 624 407 666 Istis
430 624 591 666 diebus
619 623 884 678 aegrotabat
916 623 960 665 in
994 624 1185 678 collegio
1217 624 1478 679 germanico
1507 624 1740 677 Traianus,
1770 626 1842 681 qui

219 690 427 738 coeperat
466 695 517 725 21
559 682 709 724 huius.
746 682 1043 724 Contraxerat
1083 682 1241 725 febrim
1280 694 1330 738 19
1358 682 1511 735 huius,
1543 683 1632 738 pila
1665 684 1838 729 ludens.

221 744 326 785 Eius
348 741 480 784 amici
503 740 882 784 extraordinarios
904 748 1112 796 sumptus
1131 741 1370 785 faciebant.

306 801 359 843 28
389 800 524 843 huius
560 799 805 843 accersitus
842 807 910 841 est
939 800 1171 842 Antonius
1200 800 1256 842 ad
1285 799 1409 842 illum
1438 800 1514 855 qui
1544 814 1697 842 curam
1726 800 1841 844 illius

220 861 401 912 ferebat,
426 860 521 914 ipse
540 873 647 901 uero
664 858 1028 900 constantissimo
1038 858 1269 913 respondit
1286 859 1462 914 spiritu,
1483 860 1666 901 omnino
1688 873 1735 901 se
1753 861 1840 904 uel-

217 920 256 962 le
274 919 535 974 religiosum
554 932 666 969 esse,
686 924 730 960 et
748 918 804 959 ad
822 918 933 960 haec
946 917 1097 960 vocari
1117 933 1142 959 a
1161 917 1372 970 Domin03
1395 919 1561 961 fecerat
1580 918 1722 974 pridie
1740 932 1840 961 con—

219 978 458 1021 fessionem
483 977 758 1031 generalem,
790 983 834 1018 et
863 976 1093 1031 epistolam
1120 976 1207 1018 iam
1230 984 1362 1019 antea
1386 979 1471 1019 hac
1500 977 1556 1020 de
1584 992 1632 1020 re
1656 976 1838 1032 scripse-

217 1044 297 1080 rat.
320 1038 441 1079 Laus
463 1037 577 1078 Deo:
605 1035 709 1090 quia
734 1049 841 1078 uero
863 1035 1063 1077 mirabile
1087 1043 1171 1087 est,
1199 1036 1319 1089 quod
1338 1043 1426 1078 tam
1450 1035 1667 1078 mirabilia
1691 1036 1837 1078 Domi·

217 1110 300 1138 nus
324 1110 401 1149 per
426 1095 618 1137 famulos
641 1108 747 1136 suos
770 1095 995 1148 loquatur,
1023 1108 1137 1148 quos
1160 1094 1319 1149 spiritu
1341 1109 1423 1136 suo
1448 1094 1604 1149 pascit.

304 1155 473 1198 Eodem
497 1154 570 1195 die
591 1153 878 1207 diuulgatum
902 1160 969 1195 est
992 1153 1235 1196 iubilaeum
1254 1167 1279 1195 a
1296 1154 1342 1196 S.
1370 1154 1419 1197 S.
1439 1154 1483 1195 in
1504 1153 1760 1208 proximum
1779 1154 1838 1197 fe—

213 1221 332 1256 stum
356 1213 530 1256 Natalis
555 1212 752 1264 Domini,
778 1226 859 1266 pro
882 1226 1009 1266 pace3
1036 1212 1275 1254 debuimus
1299 1212 1491 1267 singulis
1514 1212 1672 1255 diebus
1694 1212 1838 1257 dicere

216 1284 240 1326 7
268 1275 401 1315 Pater
425 1278 592 1322 noster,
619 1278 663 1313 et
688 1282 712 1324 7
737 1271 840 1313 Aue
864 1271 1004 1312 Maria
1022 1278 1066 1312 et
1084 1272 1220 1313 semel
1245 1271 1408 1323 Credo;
1431 1272 1502 1314 die
1521 1270 1729 1314 mercurii
1752 1285 1836 1314 non

214 1332 487 1374 manducare
509 1344 683 1381 carnes;
710 1329 781 1371 die
803 1329 978 1372 veneris
1000 1329 1215 1381 ieiunare,
1242 1337 1286 1371 et
1309 1330 1447 1373 semel
1469 1331 1625 1373 saltem
1655 1330 1835 1374 confite-

213 1391 247 1433 ri
270 1398 374 1434 ante
397 1390 570 1442 Natale,
596 1397 639 1432 et
663 1395 755 1430 tum
787 1388 1124 1431 communicari.

300 1463 354 1503 30
378 1449 529 1501 huius,
553 1448 628 1502 qui
647 1455 742 1490 erat
766 1448 930 1489 festum
950 1449 997 1491 S.
1020 1448 1247 1502 Andreae,
1273 1446 1551 1501 publicatum
1570 1455 1637 1489 est
1654 1447 1832 1489 iubilae—

213 1523 284 1550 um
309 1509 353 1550 in
379 1509 545 1563 templo
567 1514 611 1549 et
634 1507 679 1547 in
717 1506 989 1558 carceribus,
1018 1506 1317 1548 constitutum
1342 1520 1521 1560 quoque
1550 1513 1618 1548 est
1644 1513 1689 1548 vt
1718 1505 1832 1548 domi

211 1569 254 1609 in
278 1568 471 1623 collegio
494 1573 648 1608 nostro
676 1572 721 1606 et
749 1566 940 1620 collegio
963 1565 1226 1620 germanico
1249 1565 1545 1608 conuenirent
1574 1580 1730 1607 omnes
1755 1566 1830 1607 ‘do-

212 1627 384 1669 mestici
407 1627 462 1668 ad
486 1626 726 1668 dicendum
752 1635 776 1677 7
800 1627 931 1667 Pater
953 1632 997 1667 et
1021 1625 1140 1678 Aue,
1166 1631 1210 1666 et
1233 1625 1370 1667 semel
1393 1624 1556 1667 Credo.

758 1762 820 1790 DE
855 1761 1012 1790 MENSE
1047 1761 1288 1790 DECEMBRI

299 1864 449 1906 Primo
471 1863 541 1905 die
565 1861 729 1903 mensis
753 1873 919 1914 magno
942 1858 1099 1914 spiritu
1124 1866 1168 1901 et
1192 1859 1432 1902 deuotione
1456 1859 1643 1901 accessit
1662 1873 1716 1901 ex
1739 1861 1827 1901 eol-

209 1923 328 1979 legio
360 1920 620 1978 germanico
649 1920 705 1961 ad
730 1919 990 1974 religionem
1021 1919 1068 1961 S.
1104 1918 1327 1960 Dominici
1349 1932 1485 1972 super
1510 1918 1715 1961 Minerua
1738 1918 1827 1973 qui-

208 1984 308 2025 dam
349 1980 553 2031 scolaris,
586 1978 814 2021 Antonius
854 1977 1049 2027 nomine,
1098 1977 1171 2031 qui
1206 1977 1265 2018 ibi
1304 1976 1561 2031 aliquandiu
1595 1977 1827 2019 conuictor

209 2043 365 2092 fuerat,
386 2040 550 2094 quibus
573 2038 666 2093 [sic]
694 2051 800 2079 sane
823 2036 1054 2086 obediens,
1081 2043 1125 2077 et
1150 2036 1346 2090 optimae
1364 2036 1538 2078 indolis.
1564 2037 1705 2078 Multo
1723 2044 1827 2078 tem-

207 2115 315 2156 pore
338 2104 543 2141 creuerat
566 2096 649 2151 ipsi
672 2110 849 2150 semper
872 2094 1143 2137 desiderium
1171 2095 1286 2137 istud
1313 2094 1557 2149 religionis,
1585 2109 1716 2137 orans
1740 2096 1826 2137 Do-

209 2160 379 2201 minum
402 2165 445 2200 et
471 2157 638 2199 faciens
668 2154 800 2197 etiam
824 2153 1073 2195 orationem
1108 2153 1234 2194 fundi
1264 2154 1319 2195 ab
1342 2153 1454 2195 aliis.
1489 2153 1708 2195 Indicauit
1736 2168 1825 2195 car-

207 2218 343 2261 dinali
366 2231 448 2259 suo
471 2214 758 2263 desiderium,
785 2221 829 2255 et
858 2226 960 2253 cum
992 2212 1260 2266 quibusdam
1291 2212 1386 2253 aliis
1420 2212 1649 2266 fratribus,
1676 2227 1824 2255 curam

207 2277 347 2331 ipsius
370 2274 649 2331 gerentibus,
677 2273 806 2313 valde
828 2271 1014 2312 viriliter
1038 2271 1148 2325 egit.
1176 2271 1253 2313 Bis
1276 2285 1471 2326 quoque,
1499 2271 1627 2313 nobis
1660 2271 1821 2323 insciis,

1873 2158 1875 2212 l

1873 2222 1876 2241 1

209 2336 457 2378 Mineruam
484 2333 626 2388 petiit,
648 2333 885 2384 locumque
908 2329 1179 2384 impetrauit.
1206 2330 1352 2372 Pridie
1374 2344 1507 2383 quam
1530 2331 1662 2373 vellet
1693 2330 1823 2382 abire,
1872 2347 1875 2367 z

206 2394 422 2436 indicauit
445 2391 576 2434 nobis
599 2390 718 2444 quod
741 2389 924 2430 omnino
948 2389 1080 2430 vellet
1104 2388 1167 2430 ire
1190 2389 1398 2442 sequenti
1427 2389 1511 2440 die,
1542 2388 1715 2431 etiamsi
1739 2403 1821 2430 non
1872 2403 1874 2429 t

207 2453 388 2495 omnino
418 2450 752 2494 consensissent
785 2447 914 2489 amici
945 2447 1028 2489 sui.
1063 2446 1267 2489 Misimus
1303 2455 1450 2489 tamen
1489 2461 1571 2489 nos
1604 2448 1727 2489 illum
1759 2461 1821 2490 se-

208 2512 362 2567 quenti
384 2511 457 2554 die
480 2524 582 2552 cum
607 2507 855 2552 Catharino
878 2506 932 2546 ad
957 2507 1180 2559 quendam
1212 2513 1444 2560 gerentem
1485 2505 1626 2561 ipsius
1654 2520 1818 2561 curam,

205 2580 249 2614 et
278 2571 331 2625 is,
365 2569 559 2612 Domino
587 2567 870 2621 disponente,
897 2564 1255 2607 benedictionem
1278 2564 1338 2605 illi
1367 2564 1503 2607 dedit.
1541 2565 1691 2619 Atque
1719 2564 1779 2606 ita
1799 2579 1822 2606 a
1872 2580 1873 2583 ¹

205 2631 332 2672 nobis
354 2630 488 2671 etiam
511 2634 695 2681 accepta
718 2623 1047 2673 benedictione,
1075 2623 1303 2664 humiliter
1322 2623 1365 2664 in
1385 2638 1534 2678 genua
1557 2629 1818 2678 prostratUS,

204 2697 248 2731 et
270 2704 295 2731 a
318 2688 450 2730 sociis
472 2687 565 2729 suis
588 2684 762 2726 veniam
788 2682 913 2737 petiit
937 2688 982 2722 et
1010 2681 1247 2736 praecipue
1276 2697 1301 2723 a
1330 2682 1594 2734 CatharinO,
1631 2681 1820 2737 genibus
1870 2712 1871 2717 η

204 2748 345 2799 flexis,
359 2761 462 2789 cum
482 2745 680 2787 onmium
699 2741 1004 2784 consolatione
1021 2740 1240 2792 discessit,
1256 2741 1526 2783 Catharinus
1544 2748 1587 2784 et
1605 2741 1700 2783 aliis
1716 2741 1819 2782 duo·
1870 2763 1871 2766 =
1890 2762 1891 2765 ¹

206 2809 289 2850 bus
312 2804 557 2849 scolasticis
580 2802 819 2844 comitatus
847 2800 962 2853 [sich
989 2807 1242 2840 commotus
1265 2807 1331 2842 est
1361 2800 1415 2840 ad
1446 2799 1699 2842 lachrimas.
1737 2799 1817 2841 Co·

204 2881 334 2909 smas.
349 2865 571 2908 Octauius
589 2859 1005 2905 determinationem
1025 2872 1150 2899 suam
1171 2858 1380 2909 absoluit,
1394 2866 1440 2899 vt
1459 2859 1664 2912 sequenti
1682 2856 1817 2899 domi-

204 2926 302 2966 nica
325 2938 427 2966 cum
449 2925 585 2964 fratre
602 2921 685 2963 iret
705 2918 763 2960 ad
779 2918 967 2961 eandem
991 2916 1274 2971 religionem,
1295 2924 1339 2960 et
1359 2917 1516 2971 reliqui
1534 2917 1668 2960 etiam
1696 2915 1818 2958 valde
1868 2943 1869 2950 κ

203 2983 413 3026 commoti
437 2988 557 3024 sunt.
585 2981 705 3022 Laus
728 2980 824 3020 Deo
847 2976 1014 3031 optimo
1038 2975 1244 3028 maximo,
1270 2975 1345 3030 qui
1379 2976 1528 3017 adhuc
1552 2975 1735 3018 mirifice
1758 2975 1817 3016 fam

207 3044 350 3085 mulos
372 3055 478 3083 suos
500 3038 669 3094 dirigit:
695 3042 933 3082 conseruet
956 3034 993 3076 is
1016 3048 1146 3076 omne
1168 3035 1353 3077 bonum.
1382 3035 1544 3077 Amen.
