1891 3292
559 191 696 224 EP1s’r.
730 197 883 233 274.—-2
913 190 1081 224 Apffims
1106 190 1192 233 1576
1575 195 1636 231 511

146 307 213 339 11.
280 292 451 336 Perche
475 291 662 335 intendo
680 291 766 332 Che
790 289 946 345 d'ogni
974 291 1205 345 prouincia
1224 291 1259 332 si
1280 292 1430 332 hanno
1456 305 1479 331 a
1504 290 1689 331 mandar

57 373 126 418 doi
149 371 307 415 scolari
331 386 355 413 a
378 372 521 413 Roma
550 383 627 425 per
660 367 817 410 ordine
848 368 890 409 di
929 369 987 411 V.
1025 370 1094 422 R,
1131 368 1448 423 designeremo
1478 367 1507 408 il
1541 367 1686 409 Padre

55 449 326 509 prouinciale
350 454 394 490 et
424 447 466 489 io
495 445 641 501 questi
666 445 756 499 doi,
784 445 995 488 3001001Υρ
1032 446 1240 488 uenendo
1275 446 1314 486 la
1349 444 1684 494 commissione,

0 560 13 570 .
36 541 246 585 >possano
270 526 410 568 andar
433 539 457 567 a
488 526 645 566 Roma.
680 524 734 564 Et
766 524 832 564 fra
864 523 1027 576 questi,
1065 538 1090 564 o
1122 523 1220 564 fuor
1252 523 1294 564 di
1325 522 1477 576 quelli.
1507 524 1686 562 liaueuo

55 611 240 662 pensato
257 605 341 645 che
360 602 673 645 conuerrebbe
692 601 777 643 che
802 614 861 641 un
888 601 1060 642 fratello
1079 600 1506 656 chiamatoJacomo
1531 599 1574 640 di
1599 600 1688 640 Do-

56 682 215 726 minico
239 681 282 723 ui
306 681 516 735 andasse‚
545 676 971 735 gionene'uirtuoso
1002 687 1046 720 et
1075 678 1118 718 di
1149 678 1285 719 molto
1315 678 1452 719 buon’
1479 677 1683 730 ingegno

54 776 128 818 per
151 761 308 804 lettere
331 766 375 803 et
400 774 476 815 per
502 757 749 814 predicare.
780 757 833 797 Et
858 756 900 797 di
934 763 1093 810 questo
1128 755 1393 797 nominatim
1418 755 1562 809 auiso,
1593 768 1687 808 per-

54 840 134 883 che
151 839 267 881 nella
294 838 396 880 lista
416 844 579 893 questo
605 850 696 878 non
722 835 765 876 ui
790 849 880 877 era:
910 833 1028 885 dieo,
1055 835 1096 875 di
1123 834 1257 888 quelli
1289 835 1373 875 Che
1401 833 1687 876 desideraua-

54 932 110 960 no
132 916 277 959 vscire
300 916 355 958 de
379 914 552 959 Sicilia.

144 1007 209 1038 12.
277 995 323 1036 In
349 993 545 1037 Messina
568 992 755 1034 intendo
777 997 940 1032 stanno
965 1003 1049 1030 Con
1076 989 1297 1043 trauaglio
1328 989 1500 1043 grande
1530 996 1574 1030 et
1609 1002 1686 1029 ur*

54 1080 201 1130 gente,
227 1087 301 1127 per
326 1086 414 1113 non
441 1078 565 1126 poter
590 1069 819 1124 rieuperar
849 1066 1029 1123 (attenti
1061 1067 1087 1106 li
1120 1066 1312 1119 trauagli
1345 1066 1414 1109 dei
1448 1066 1597 1120 tempi)
1622 1064 1690 1105 cio

54 1153 134 1194 che
161 1165 209 1193 se
232 1149 261 1191 li
283 1149 416 1200 deue,
449 1155 493 1190 et
517 1149 661 1190 hauer
686 1146 879 1201 bisogno
910 1145 954 1186 di
988 1159 1127 1200 pagar
1157 1144 1307 1186 alcuni
1339 1143 1495 1198 debiti,
1524 1143 1637 1184 oltra
1662 1142 1689 1182 il

33 1228 186 1281 'uitt03
213 1235 255 1270 et
287 1227 499 1269 uorriano
535 1224 694 1281 pigliar
727 1238 785 1266 un
817 1237 969 1277 censo,
1004 1222 1031 1264 il
1067 1222 1170 1276 qual
1202 1221 1518 1263 disfarebbono
1553 1221 1690 1261 molto

57 1313 218 1363 presto.
246 1306 291 1347 Io
313 1304 483 1348 uedero
506 1318 555 1346 se
578 1302 613 1345 si
638 1301 762 1357 potra
790 1315 947 1343 seusai·
966 1307 1144 1354 questo,
1168 1306 1211 1340 et
1235 1299 1484 1340 solamente
1507 1299 1590 1340 alla
1615 1313 1688 1340 ne-

57 1383 216 1427 cessita
240 1381 561 1438 urgentissima
584 1380 642 1422 mi
667 1379 897 1422 rimettero
926 1394 949 1420 a
979 1378 1090 1431 loro,
1118 1384 1161 1420 et
1191 1376 1340 1418 insino
1371 1376 1456 1418 alla
1487 1375 1692 1429 quantita

58 1461 100 1504 di
125 1471 206 1515 500
236 1471 276 1507 V
293 1458 352 1512 fn,
381 1459 409 1501 li
434 1458 554 1515 quali
578 1472 628 1500 so
653 1457 695 1500 io
717 1457 803 1499 Che
827 1456 965 1497 molto
990 1463 1139 1510 presto
1165 1462 1383 1509 potranno
1408 1466 1590 1508 pagate.
1618 1453 1691 1494 Ma

59 1537 101 1580 in
124 1545 283 1593 questo
306 1550 435 1580 mezo
467 1533 811 1586 non-conuiene
841 1534 925 1574 che
955 1531 1210 1586 digiunino‚
1237 1537 1282 1571 et
1311 1544 1357 1571 se
1388 1529 1422 1571 si
1457 1527 1581 1584 potra
1607 1542 1691 1569 con

60 1615 242 1671 prestito
272 1613 458 1670 supplir‚‚
491 1627 582 1654 non
612 1612 828 1654 accadera
864 1610 928 1652 far
959 1623 1111 1651 censoe
1144 1610 1229 1651 Per
1258 1608 1299 1649 la
1330 1621 1436 1662 pura
1469 1605 1689 1647 necessita

60 1708 147 1735 non
169 1692 418 1735 solamente
441 1704 580 1746 penso
609 1691 749 1732 hauer
781 1688 951 1730 licenza
980 1685 1337 1741 interpretatum,
1366 1699 1436 1726 ma
1467 1683 1599 1727 etiam
1625 1697 1690 1726 es-

59 1785 207 1827 pressa
229 1770 273 1812 di
298 1771 352 1813 V.
379 1771 430 1811 P.
458 1769 604 1812 Senza
623 1774 782 1824 questa
802 1781 890 1808 non
909 1765 945 1807 si
969 1764 1267 1820 piglieranno.
1290 1762 1377 1805 Gia
1398 1761 1539 1804 auisai
1564 1775 1692 1802 come

58 1863 142 1904 qua
163 1847 199 1891 si
226 1848 344 1891 tiene
367 1847 423 1890 de
445 1846 542 1890 iure
568 1860 644 1901 per
667 1859 771 1887 cosa
794 1845 877 1886 elie
901 1843 935 1885 si
956 1842 1045 1898 puo
1071 1842 1149 1892 far,
1179 1856 1267 1882 non
1292 1841 1543 1882 solamente
1563 1853 1639 1894 per
1664 1838 1692 1879 il

58 1926 255 1981 general,
280 1939 352 1967 ma
375 1924 508 1968 etiam
534 1938 612 1979 per
636 1924 749 1966 altro
773 1921 957 1963 inferior
987 1935 1010 1962 a
1039 1919 1117 1974 lui,
1155 1906 1281 1960 Come
1315 1917 1504 1960 sarebbe
1537 1916 1566 1957 il
1591 1930 1691 1971 pro-

60 2004 264 2047 uinciale.
300 2004 386 2047 Per
421 2009 574 2045 nostre
604 1998 917 2043 constitutioni
953 2013 1043 2040 non
1079 1997 1114 2038 si
1152 1996 1243 2038 fara
1278 2010 1325 2038 se
1360 2010 1448 2037 non
1482 1995 1555 2037 nel
1588 2007 1693 2035 caso

52 2081 180 2124 *detto
203 2081 246 2123 di
266 2080 505 2129 necessit&
529 2087 571 2122 et
591 2079 668 2134 qui
688 2078 851 2120 mando
870 2077 1030 2118 aleune
1049 2073 1311 2129 allegationi
1331 2074 1513 2114 intorno
1537 2087 1560 2114 a
1586 2086 1692 2126 que-

60 2165 125 2201 sta
147 2159 348 2213 materia,
374 2159 489 2201 delle
512 2157 633 2212 quali
656 2158 714 2198 ho
739 2156 851 2197 fatto
871 2154 1098 2196 mentione
1119 2167 1196 2207 per
1216 2152 1341 2194 altra.
1368 2152 1422 2192 Et
1442 2164 1526 2192 con
1548 2157 1689 2204 tanto,

61 2236 351 2280 humilmente
394 2236 433 2278 ci
479 2234 871 2279 raeeomandiamo
914 2232 1031 2275 nelle
1074 2229 1266 2272 orationi
1309 2238 1353 2271 et
1397 2227 1605 2270 sacrificii
1649 2227 1692 2269 di

61 2315 114 2359 V.
144 2317 212 2366 R,
239 2322 283 2358 et
306 2313 623 2357 domandiamo
642 2327 721 2355 sua
743 2309 1070 2355 benedittione.
1096 2308 1151 2350 Di
1173 2308 1377 2350 Palermo
1396 2306 1424 2347 li
1451 2318 1474 2348 2
1500 2305 1542 2347 di
1563 2305 1693 2361 Apri·

61 2392 101 2436 le
129 2393 252 2446 1576.

153 2482 217 2524 13.
284 2469 376 2524 Qui
400 2470 424 2512 e
446 2483 579 2525 parso
603 2483 708 2511 cosa
732 2482 851 2510 noua
875 2466 944 2508 cio
973 2467 1056 2507 che
1080 2463 1227 2506 soriue
1258 2464 1312 2506 V.
1342 2464 1393 2505 P.
1425 2462 1541 2505 nella
1564 2462 1692 2504 lette-

63 2562 107 2590 ra
129 2562 334 2603 comune,
361 2548 447 2590 che
472 2547 635 2589 manda
658 2546 725 2588 001
749 2544 965 2601 giubsseo,
988 2542 1086 2584 cioe
1106 2543 1191 2584 che
1216 2556 1305 2583 non
1330 2540 1364 2582 si
1389 2554 1521 2595 possa
1547 2540 1691 2581 absol-

62 2637 164 2668 uere
194 2625 265 2668 del
293 2639 398 2667 caso
426 2622 724 2673 dell'heresia,
752 2621 919 2678 perche
950 2620 1137 2663 dandosi
1171 2618 1333 2660 facolta
1366 2618 1421 2660 de
1457 2617 1694 2660 absoluere

63 2701 117 2744 de
140 2702 240 2744 tutti
264 2701 355 2745 casi
378 2701 512 2744 etiam
538 2700 755 2744 reseruati
778 2700 822 2742 in
848 2699 969 2741 bulla
995 2711 1134 2739 eoene
1157 2710 1293 2738 sanza
1316 2695 1579 2750 ecceptione
1602 2695 1693 2737 del-

64 2779 280 2835 l'heresia,
307 2778 405 2822 01ῑέ
429 2793 518 2821 vno
540 2778 597 2822 de
619 2778 774 2833 quelli,
796 2777 831 2820 si
852 2784 1015 2819 teneua
1040 2776 1122 2817 ohe
1141 2773 1176 2816 si
1196 2773 1363 2828 potessi
1382 2772 1627 2824 assoluere3
1650 2780 1692 2814 et

65 2869 144 2898 eon
168 2858 329 2904 effecto
352 2857 500 2900 alcuni
523 2855 559 2898 si
582 2870 694 2898 sono
712 2854 896 2898 assoluti
915 2854 970 2896 de
995 2851 1168 2895 heresie
1192 2865 1217 2892 0
1241 2849 1436 2905 scropoli
1459 2850 1503 2891 di
1527 2850 1691 2904 quelle.

67 2933 136 2975 Ho
159 2934 330 2998 auisato
353 2934 382 2975 li
406 2933 545 2976 nostri
569 2935 653 2975 che
676 2947 767 2975 non
792 2932 920 2974 vsino
949 2937 1108 2985 questa
1138 2927 1329 2984 potesta,
1359 2928 1416 2970 ne
1446 2928 1695 2969 absoluano

67 3010 294 3054 d'heresia.
322 3011 373 3055 Li
396 3010 615 3054 forastieri
643 3011 777 3053 credo
802 3009 1092 3064 seguitarano
1116 3007 1158 3048 in
1183 3006 1434 3061 absoluere,
1461 3019 1508 3047 se
1533 3021 1610 3061 per
1634 3007 1691 3047 al-
