1891 3292
226 195 294 235 052
738 191 923 224 POLANCI
950 198 1266 224 COMPLEMENTA

270 292 338 332 oo.
406 291 568 332 Genue
592 291 676 331 hoc
700 298 901 344 tempore
923 290 1116 345 collegio
1133 298 1302 340 nostro,
1324 290 1444 343 quod
1462 289 1506 330 in
1530 289 1800 333 conductitia

182 350 312 389 domo
337 351 555 390 hactenus
579 349 884 399 habitauerat,
920 349 1070 391 oblata
1093 350 1174 390 fuit
1197 349 1384 390 ecclesia
1408 348 1492 389 sub
1515 347 1802 393 inuocatione

184 407 543 456 Auunciationis,
570 421 671 448 cum
696 408 830 448 domo
848 407 1050 461 egregia;
1071 416 1115 448 et
1133 407 1229 450 sine
1248 408 1334 448 vlla
1352 406 1626 461 obligatione
1649 407 1800 449 adiun-

182 466 237 506 cti
278 466 527 519 hospitalis,
563 473 630 507 est
668 466 884 516 admissa,
919 466 1206 507 nobilissimis
1244 466 1421 507 ciuibus
1450 465 1493 506 id
1531 465 1798 519 petentibus.

182 525 295 566 Cum
322 532 469 566 autem
494 525 649 566 eodem
681 525 725 565 in
755 525 854 566 loco
877 526 1134 567 sacerdotes
1157 525 1336 578 quidam
1354 557 1362 573 ,
1389 523 1470 564 viri
1494 524 1617 575 boni,
1643 532 1686 564 et
1709 524 1799 579 spi-

184 582 418 623 ritualibus
441 584 575 623 rebus
598 583 755 634 dediti,
782 583 1013 636 vixissent,
1040 584 1114 637 qui
1139 583 1312 625 admitti
1342 584 1397 624 ad
1420 583 1688 625 Societatem
1723 597 1794 624 no-

183 649 317 681 stram
350 643 637 684 vehementer
677 643 910 696 optabant,
943 656 1044 684 cum
1082 642 1308 697 sigillatim
1342 642 1701 695 expenderentur
1730 641 1817 683 eo?

184 714 277 740 rum
303 701 446 751 dotes,
473 708 517 741 et
541 715 627 741 non
653 701 914 743 viderentur
937 702 993 743 ad
1018 709 1222 743 nostrum
1247 700 1503 742 institutum
1526 699 1681 753 inepti,
1709 715 1803 751 par-

183 758 258 798 tim
290 759 333 798 in
369 759 660 804 Societatem,
699 760 856 813 partim
889 761 933 801 in
966 760 1208 814 collegium
1242 759 1551 814 germanicum
1581 767 1626 800 vt
1663 759 1804 813 magis

185 819 493 870 probarentur,
521 818 824 860 admittendos
847 833 944 861 esse
967 819 1196 861 decretum
1221 827 1303 861 est.

271 876 343 919 61.
409 877 523 918 Cum
549 878 634 918 hoc
659 884 857 931 tempore
879 878 969 919 dux
993 878 1237 928 Ferrariae,
1263 885 1307 920 et
1332 875 1659 930 primogenitus
1681 875 1807 918 ducis

182 935 451 983 Florentiae,
479 950 530 976 ac
554 935 680 977 ducis
706 938 892 978 Parmae
917 951 1075 978 onres
1098 936 1346 985 duxissent,
1372 936 1461 976 duo
1484 935 1670 989 priores,
1692 949 1805 977 sere-

182 993 386 1035 nissimas
411 995 524 1035 duas
547 994 827 1049 imperatoris
856 995 1124 1038 Ferdinandi
1149 995 1282 1038 filias,
1311 994 1468 1036 tertius
1490 993 1674 1034 infantis
1699 994 1802 1034 Por-

183 1052 394 1106 tugalliae
425 1053 620 1094 Eduardi
654 1054 810 1104 filiam,
844 1055 1083 1095 voluerunt
1112 1054 1317 1108 singulae
1347 1053 1543 1107 ipsarum
1573 1066 1627 1093 ex
1657 1059 1806 1094 nostra

183 1111 407 1153 Societate
431 1112 515 1152 sibi
546 1113 731 1167 adiungi
763 1112 1074 1160 confessarios,
1101 1120 1144 1154 et
1173 1114 1354 1155 eosdem
1384 1111 1739 1162 concionatores3
1765 1121 1807 1153 et

182 1170 241 1210 ita
267 1170 434 1223 primae
460 1172 509 1213 Ρ,
537 1171 814 1213 Guillermus
844 1171 1102 1213 Elderensis
1131 1171 1328 1225 geldrus,
1354 1178 1435 1212 2.³‘²
1462 1172 1511 1211 P.
1539 1169 1807 1212 Laurentius

183 1242 441 1282 germanus,
469 1230 623 1271 tertiae
650 1232 700 1273 P.
734 1230 1024 1273 Sebastianus
1053 1231 1108 1272 de
1141 1231 1332 1272 Morales
1361 1229 1581 1270 lusitanus
1610 1227 1806 1270 adiuncti

182 1296 302 1338 sunt,
325 1288 367 1328 in
388 1288 582 1342 ipsarum
603 1289 808 1342 gratiam,
831 1297 875 1331 et
893 1289 1204 1343 collegiorum,
1227 1289 1302 1342 qui
1321 1289 1363 1329 in
1385 1288 1580 1342 ipsarum
1600 1286 1806 1329 dominiis

183 1355 303 1388 sunt.

272 1405 343 1446 62.
414 1406 592 1447 Parisiis
622 1406 860 1460 collegium
896 1414 1096 1447 nostrum
1132 1414 1231 1460 post
1262 1406 1446 1447 multam
1479 1411 1804 1459 tempestatem,

184 1464 503 1517 tranquillitate
538 1480 702 1519 magna
737 1465 918 1515 fruitur,
951 1475 994 1506 et
1028 1472 1203 1519 praeter
1233 1472 1308 1507 2.In
1338 1464 1497 1505 artium
1529 1478 1730 1515 cursum,
1762 1471 1804 1507 et

184 1531 338 1564 auctas
368 1524 680 1564 humaniorum
714 1524 979 1577 litterarum,
1012 1524 1249 1565 latinarum
1279 1531 1322 1566 et
1353 1537 1590 1578 grecarum
1623 1523 1802 1573 classes,

184 1583 483 1635 theologicam
509 1583 747 1625 lectionem
772 1597 936 1637 magna
959 1597 1059 1624 curn
1086 1583 1335 1636 frequentia
1357 1590 1401 1623 et
1425 1583 1640 1636 applausu
1659 1580 1803 1635 auspi-

183 1648 325 1691 catur;
352 1650 395 1682 et
420 1642 535 1682 bona
568 1642 887 1693 aemulatione,
914 1642 997 1683 alia
1027 1641 1331 1684 Vniuersitatis
1355 1640 1565 1694 collegia,
1602 1640 1734 1683 etiam
1759 1640 1801 1681 in

185 1699 411 1741 litterariis
434 1700 853 1751 exercitationibus,
880 1715 930 1743 ac
954 1700 1116 1741 utiliori
1149 1700 1356 1742 tradendi
1378 1699 1634 1754 disciplinas
1657 1699 1803 1750 modo,

185 1758 310 1798 iuuat
329 1758 360 1800 ⁴.
1156 1807 1159 1809 ,

272 1817 341 1869 63⁴
411 1818 545 1870 Apud
575 1819 815 1871 rhutenos,
849 1832 950 1859 cum
986 1818 1076 1860 fere
1109 1819 1228 1860 mille
1257 1817 1535 1859 scholasticis
1564 1815 1803 1871 collegium

185 1883 388 1916 nostrum
413 1877 609 1926 floreret,
637 1877 817 1918 curauit
841 1877 975 1919 Card.
1004 1877 1304 1926 Arminiacus,
1329 1884 1373 1918 et
1397 1876 1529 1917 situm
1555 1889 1738 1930 augere,
1764 1881 1806 1917 et

184 1935 350 1988 templo
373 1936 676 1976 construendo
698 1950 877 1989 operam
902 1936 994 1977 dari
1015 1969 1023 1987 ,
1050 1937 1255 1978 redditus
1278 1935 1427 1984 etiam,
1460 1943 1503 1976 et
1527 1934 1585 1975 ibi
1610 1943 1654 1977 et
1677 1933 1804 1975 Tolo-

184 2007 257 2034 sae
281 1994 453 2047 augeri,
481 1994 556 2034 vbi
579 1994 819 2046 spiritualis
851 1996 1022 2036 fructus
1051 1996 1286 2037 crescebat
1318 1993 1360 2034 in
1386 1993 1493 2035 dies.
1527 1992 1629 2035 Fuit
1659 2000 1806 2034 autem

188 2053 236 2094 P.
271 2052 466 2093 Hanibal
497 2053 552 2094 de
585 2053 814 2095 Coudreto
842 2061 986 2096 rector
1019 2055 1209 2096 Tolosae
1244 2052 1538 2105 constitutus3
1578 2050 1803 2102 rhutenis,

188 2111 237 2152 P.
273 2111 462 2153 Ioannes
492 2111 813 2166 Lothoringus3
848 2113 1072 2163 Turnoni,
1108 2114 1155 2155 P.
1184 2112 1401 2155 Claudius
1435 2112 1566 2153 etiam
1591 2109 1806 2152 lothorin-

185 2182 286 2222 gus3
315 2170 544 2223 Lugduni,
571 2172 619 2211 P.
638 2171 915 2212 Guillermus
934 2179 1100 2222 scotus,
1124 2171 1356 2221 Auinioni,
1382 2172 1430 2212 P.
1454 2169 1681 2212 Antonius
1704 2170 1806 2210 Pos-

184 2228 383 2279 seuinus3
411 2229 754 2279 Chiamberiaci,
785 2231 833 2271 P.
858 2231 1115 2272 Ludouicus
1143 2232 1198 2273 de
1230 2230 1478 2272 Coudreto.
1508 2230 1553 2270 In
1580 2227 1807 2282 prouincia

186 2299 295 2327 vero
319 2287 533 2330 Franciae
559 2289 608 2329 P.
638 2288 843 2331 Andreas
867 2289 1151 2331 Auantianus
1175 2288 1443 2330 verdunensi
1468 2287 1658 2342 collegio
1682 2301 1803 2340 prae-

187 2345 356 2399 positus
384 2354 452 2387 est
476 2345 508 2387 ¹³.

275 2405 349 2456 64.
423 2405 536 2446 Cum
563 2404 912 2456 Chiamberiaci,
948 2413 1131 2448 senatus
1163 2405 1416 2449 Sabaudiae
1445 2419 1703 2459 supremus,
1730 2416 1806 2443 no-

188 2476 293 2504 uum
316 2463 512 2517 collegio
537 2462 635 2520 [szc]
660 2478 713 2506 eo
731 2463 880 2506 animo
903 2438 1119 2507 inducere
1138 2465 1301 2506 vellet
1293 2479 1335 2505 in
1356 2463 1674 2507 monasterium
1697 2463 1807 2502 fran-

185 2521 552 2573 ciscanoru1n‚vt
570 2523 666 2564 eius
684 2522 852 2564 ordinis
870 2523 1136 2578 relligiosos,
1157 2537 1270 2576 quos
1289 2523 1468 2564 inutiles
1487 2522 1569 2563 sibi
1589 2520 1807 2564 existima-

185 2581 307 2631 bant,
337 2581 544 2646 paulatim
570 2581 674 2624 inde
697 2559 996 2635 expellerent?
1016 2589 1058 2623 et
1082 2582 1246 2623 nostris
1265 2582 1489 2635 integrum
1513 2583 1657 2622 locum
1683 2580 1804 2621 relin-

186 2648 389 2691 querent,
417 2640 600 2681 omnino
622 2640 665 2681 id
689 2640 953 2682 auctoritate
980 2641 1124 2682 Patris
1148 2641 1286 2681 nostri
1310 2639 1532 2693 generalis
1556 2645 1806 2682 recusatum
1826 2653 1828 2656 ’

184 2705 266 2748 est;
293 2706 335 2738 et
362 2698 676 2754 tantumde[m]
709 2699 889 2753 Effugis,
915 2699 1081 2753 insigni
1107 2699 1292 2740 ciuitate
1315 2699 1567 2750 Flandriae,
1595 2711 1696 2739 cum
1719 2709 1808 2737 mo-

187 2757 430 2798 nasterium
465 2757 582 2798 tertii
613 2757 780 2799 ordinis
809 2758 1191 2799 franciscanorum
1223 2773 1246 2799 a
1272 2758 1413 2799 tribus
1444 2764 1617 2799 tantum
1648 2764 1692 2799 et
1715 2754 1807 2809 qui-

258 2887 275 2911 k
326 2892 385 2919 est
404 2886 447 2920 Ρ.
469 2898 540 2920 ms.

260 3008 270 3023 '⁶
321 3004 455 3048 Supra,
477 3015 513 3038 n.
535 3011 592 3046 43.
614 3002 675 3039 Cf.
696 3009 826 3039 annot.
850 3002 1029 3048 praeced.
