2045 3353
542 270 682 304 EPIST.
706 266 879 311 143.—31
911 268 1159 302 DECEMBRIS
1190 267 1277 310 1567
1640 274 1678 309 17

92 372 306 417 instantia
329 372 398 414 del
425 370 623 426 capitolo
641 369 685 412 di
709 383 808 412 essa
832 367 1000 419 chiesa;
1028 383 1052 410 e
1075 373 1237 422 questo
1261 365 1543 421 predicatore
1564 379 1727 408 ancora

91 453 188 495 fece
210 448 392 492 l’uffitio
415 462 498 490 suo
529 461 616 489 con
647 445 819 502 grande
848 443 1178 487 sodisfattione.
1211 442 1244 483 Il
1276 450 1398 485 terzo
1427 441 1461 483 si
1493 441 1622 485 diede
1651 456 1727 497 per

92 529 133 571 la
156 526 356 582 famiglia
379 525 452 569 del
481 537 612 580 papa;
644 538 668 566 e
693 522 886 565 tuttauia
915 521 951 563 si
979 535 1130 563 uanno
1160 519 1498 562 continouando
1527 519 1629 573 quei
1661 533 1725 561 ra-

93 602 373 661 gionarnenti
395 602 440 643 in
460 602 655 657 palazzo,
676 599 825 642 dando
843 597 1134 640 instruttione
1153 611 1178 639 a
1196 597 1237 638 la
1256 596 1379 638 detta
1399 595 1598 651 famiglia
1617 595 1729 639 dele

92 695 198 724 cose
226 677 516 722 conuenienti
540 693 565 719 a
589 678 630 719 la
652 690 734 719 sua
756 675 1023 719 saluatione.
1052 674 1085 715 Il
1109 680 1272 726 quarto
1296 672 1576 728 predicatore
1599 672 1643 714 in
1669 679 1729 715 te-

94 758 230 800 desco
253 756 289 799 si
313 756 444 798 diede
466 771 490 798 3
514 754 616 809 quei
641 754 696 796 de
715 754 755 795 13
774 752 980 809 guardia,
1002 751 1030 793 il
1053 751 1185 806 quale
1202 750 1411 792 confesso
1428 749 1561 792 etiarn
1582 749 1594 790 i
1614 749 1730 804 prin-

95 834 231 890 cipali
254 833 297 876 di
322 833 487 888 quella3
516 838 814 887 quantunque
844 837 1043 885 tengano
1071 828 1100 869 il
1124 841 1206 869 suo
1237 827 1500 882 cappellano
1529 827 1730 870 tedesco.

97 911 127 954 ll
151 911 310 967 quinto
334 909 369 952 si
395 909 416 952 ὲ
442 909 547 951 dato
575 907 956 950 ordinariamente
978 921 1003 948 a
1025 906 1067 949 le
1098 903 1309 947 femmine
1341 903 1566 958 publiche3
1588 919 1612 947 e
1636 902 1731 946 cosi

95 988 194 1031 altri
219 988 261 1029 in
288 980 467 1029 diuerse
491 986 603 1029 altre
621 984 791 1036 chiese,
813 982 1047 1039 hospedali
1070 998 1094 1026 e
1116 980 1327 1037 prigioni3
1348 981 1421 1022 del
1438 980 1510 1022 cui
1535 980 1733 1024 ministe-

95 1066 162 1110 rio
185 1067 210 1109 e
233 1067 290 1107 da
315 1077 497 1120 sperare
521 1063 557 1105 si
580 1064 680 1105 sara
709 1061 878 1104 seruito
908 1060 1033 1102 Iddio
1061 1060 1119 1102 N.
1153 1060 1201 1103 S.
1235 1058 1284 1100 In
1307 1057 1447 1099 latino
1475 1071 1639 1099 ancora
1668 1058 1734 1099 s’e

97 1142 327 1200 predicato
350 1156 441 1183 non
465 1141 609 1196 poche
635 1140 756 1181 uolte
780 1154 836 1181 ne
860 1139 902 1179 la
933 1137 1135 1193 cappella
1167 1136 1237 1178 del
1272 1150 1402 1191 papa,
1439 1134 1620 1176 innanzi
1653 1148 1733 1177 sua

97 1219 261 1264 santita
283 1228 326 1261 et
350 1218 389 1261 ai
414 1217 644 1269 cardinali,
671 1232 695 1260 e
719 1215 843 1258 molti
868 1214 1041 1271 prelati,
1060 1228 1189 1256 come
1207 1213 1244 1255 si
1263 1213 1406 1261 suole3
1432 1220 1476 1255 et
1500 1225 1627 1254 corne
1651 1213 1734 1253 che

96 1297 241 1353 questi
266 1295 461 1339 sermoni
486 1293 694 1350 sogliono
718 1292 845 1348 quasi
869 1306 1044 1347 sempre
1069 1291 1262 1347 piacere,
1290 1288 1566 1331 nondimeno
1596 1303 1687 1330 uno
1711 1289 1735 1330 ἐ

97 1382 223 1417 tanto
248 1372 443 1428 piaciuto
468 1370 616 1427 questi
635 1370 786 1426 giomi
803 1370 847 1411 di
866 1370 1042 1420 Natale,
1064 1369 1148 1411 che
1168 1381 1333 1423 pareua
1357 1380 1448 1408 non
1467 1365 1672 1409 finissero
1691 1365 1734 1407 di

97 1449 302 1494 mostrar’
326 1450 366 1492 la
388 1463 469 1491 sua
492 1447 806 1491 sodisfattione
828 1461 852 1489 e
875 1446 1062 1500 lodarlo,
1088 1445 1124 1487 si
1150 1444 1179 1486 il
1200 1458 1314 1500 papa
1337 1458 1466 1486 corne
1488 1442 1501 1484 i
1525 1442 1732 1485 cardina-

96 1529 127 1572 li
150 1545 174 1572 e
198 1527 260 1583 gli
279 1527 395 1571 altri.

190 1616 260 1660 57.
327 1604 374 1648 Si
398 1618 510 1646 sono
535 1603 688 1645 ancor'
711 1602 804 1644 dati
826 1600 1075 1644 confessori
1099 1614 1190 1642 non
1223 1599 1318 1641 solo
1342 1598 1385 1639 in
1410 1597 1501 1640 casi
1526 1597 1735 1640 straordi-

97 1682 195 1726 nari
220 1683 318 1724 fuor
341 1681 384 1724 di
409 1695 512 1723 casa
537 1695 614 1736 per
638 1678 816 1722 infermi
840 1694 864 1722 e
889 1677 1096 1734 prigioni,
1117 1691 1187 1718 ma
1210 1676 1254 1718 in
1275 1675 1424 1718 alcuni
1443 1674 1641 1717 ordinari
1661 1689 1737 1729 per

97 1760 209 1804 certi
233 1759 404 1816 giomi,
437 1758 493 1800 da
524 1767 648 1813 parte
676 1756 720 1798 di
754 1770 835 1798 sua
870 1755 1052 1806 santita,
1091 1770 1147 1798 ne
1171 1755 1211 1797 le
1241 1753 1392 1795 chiese
1428 1751 1657 1807 principali
1691 1752 1733 1792 di

100 1839 252 1890 Roma,
277 1851 406 1879 come
429 1835 473 1877 in
498 1836 545 1879 S.
577 1835 729 1877 Pietro
757 1841 800 1875 et
826 1833 869 1874 in
893 1833 940 1876 S.
971 1832 1111 1876 Maria
1137 1831 1390 1887 Maggiore.
1426 1829 1517 1872 Alli
1542 1828 1735 1884 prigioni

95 1913 502 1969 dell’lnquisitione
520 1912 616 1954 son'
640 1910 1020 1953 ordinariamente
1037 1908 1249 1951 chiamati
1267 1908 1278 1949 i
1299 1908 1440 1949 nostri
1460 1922 1536 1962 per
1560 1907 1735 1949 confes-

98 1991 254 2047 sargli,
275 2006 301 2033 o
321 2005 397 2046 per
417 1989 600 2031 ridurne
619 1987 769 2031 alcuni
786 2003 809 2029 3
828 1988 868 2028 13
894 1987 1049 2038 uerita,
1072 2001 1098 2028 o
1123 2000 1201 2041 per
1223 1984 1435 2027 instruire
1458 1984 1471 2025 i
1495 1983 1664 2035 ridotti3
1691 1992 1736 2024 et

98 2070 152 2111 ad
179 2069 340 2111 alcune
364 2067 511 2110 anime
533 2068 591 2108 ha
620 2067 730 2108 fatto
750 2065 876 2107 iddio
895 2065 951 2107 N.
975 2065 1021 2108 S.
1044 2064 1183 2105 molta
1202 2063 1347 2119 gratia
1367 2077 1444 2118 per
1462 2069 1620 2116 questa
1646 2060 1731 2102 uia.

191 2146 260 2199 58.
329 2145 426 2187 Con
453 2151 571 2186 tutto
593 2143 695 2198 quel
714 2144 797 2185 che
816 2142 876 2185 s'e
893 2142 1034 2192 detto,
1057 2148 1100 2184 et
1119 2155 1204 2182 con
1228 2140 1466 2181 rnolt’altre
1489 2153 1624 2193 opere
1648 2138 1734 2193 pie,

100 2237 229 2265 come
253 2221 475 2278 pacificar'
500 2220 712 2274 discordi,
740 2217 968 2275 procurar’
991 2217 1151 2261 liberta
1176 2220 1213 2259 a'
1239 2216 1455 2272 prigioni,
1483 2214 1676 2257 fauorire
1694 2223 1738 2255 et

100 2300 260 2342 aiutar'
287 2298 413 2341 molti
436 2313 493 2341 ne
515 2298 558 2340 le
580 2312 661 2341 sue
680 2296 901 2340 necessita
922 2295 1143 2351 spirituali
1160 2302 1205 2336 et
1226 2293 1480 2349 temporali,
1507 2291 1737 2347 com’ogni

99 2377 258 2433 giorno
287 2376 323 2418 si
355 2378 415 2429 fa,
441 2390 530 2417 non
565 2389 676 2417 sono
706 2374 901 2416 mancati
933 2374 988 2415 ne
1016 2373 1356 2415 mancheranno
1385 2368 1736 2420 contradittioni‚

101 2454 234 2497 etiam
257 2453 299 2495 di
320 2467 510 2508 persone
532 2452 588 2495 de
611 2452 651 2494 le
680 2451 799 2506 quali
832 2466 910 2506 per
938 2451 980 2492 lo
1004 2457 1122 2492 stato
1145 2448 1452 2492 ecclesiastico
1476 2462 1502 2488 o
1529 2445 1738 2500 religioso

104 2533 189 2574 che
214 2539 429 2585 tengono,
458 2544 562 2585 pare
586 2543 675 2571 non
700 2527 938 2571 s'harebbe
963 2542 988 2568 a
1014 2534 1198 2569 temere.
1223 2527 1342 2568 Vero
1360 2526 1384 2567 e
1404 2526 1487 2566 che
1511 2523 1564 2565 ad
1590 2521 1736 2563 alcuni

103 2610 143 2653 le
177 2609 336 2651 istesse
368 2608 519 2649 buone
553 2619 689 2661 opere
724 2620 918 2660 possono
948 2604 1098 2646 hauer'
1129 2604 1234 2645 dato
1267 2601 1518 2651 occasione,
1556 2613 1683 2641 coine
1716 2598 1738 2640 ὲ

107 2692 263 2741 questa
293 2685 363 2728 del
398 2684 637 2726 seminario
671 2683 761 2736 (del
791 2682 922 2737 quale
951 2683 991 2723 la
1026 2680 1308 2736 Compagnia
1339 2679 1444 2720 tien'
1481 2676 1627 2718 carico
1663 2689 1738 2730 per

104 2761 358 2804 obedientia
382 2762 453 2804 del
478 2776 606 2816 papa,
634 2776 658 2803 e
682 2773 772 2802 non
796 2759 840 2800 di
866 2758 1042 2814 propria
1076 2756 1276 2809 uolonta)
1307 2770 1331 2797 e
1362 2753 1533 2795 l’uffitio
1567 2753 1609 2793 di
1638 2766 1736 2795 esa-

106 2839 260 2881 minar’
287 2839 438 2880 coloro
461 2840 544 2880 che
566 2837 605 2879 si
627 2837 827 2892 uoglion'
855 2850 1120 2891 promouere
1143 2849 1167 2876 a
1191 2833 1253 2889 gli
1277 2831 1422 2874 ordini
1452 2829 1582 2881 sacri,
1609 2843 1633 2870 e
1666 2842 1738 2870 co-

103 2917 201 2959 loro
233 2917 321 2959 che
358 2914 638 2971 pretendono
669 2914 822 2956 hauer'
864 2911 1063 2955 benefitii
1094 2909 1253 2952 curati.
1287 2910 1322 2949 E
1353 2922 1401 2949 se
1429 2907 1546 2949 bene
1579 2906 1739 2946 dicono

107 2993 241 3037 esser'
271 2993 313 3034 di
345 2993 482 3034 molto
507 2992 689 3047 profitto
719 2989 1009 3045 quest'vffitio
1042 3002 1117 3044 per
1148 2987 1175 3027 il
1208 2988 1325 3029 bene
1352 2997 1613 3033 commune,
1651 2996 1738 3022 non

107 3069 243 3113 lascia
267 3084 344 3124 per
372 3069 443 3112 cio
473 3068 517 3109 di
547 3069 681 3110 esser’
707 3066 994 3108 molt’odioso
1019 3065 1205 3119 rispetto
1229 3062 1271 3102 di
1297 3060 1432 3115 quelli
1455 3057 1648 3100 c’lianno
1670 3072 1740 3099 re—

289 3147 443 3173 PoLANOE
458 3149 724 3172 COMPLEMENTA.
738 3143 799 3170 ᾔΤ.
811 3144 844 3170 Π
1583 3136 1600 3161 2
