1891 3292
250 167 316 199 522
738 154 934 189 ‘POLANci
963 162 1279 187 COMPLEMENTA

202 274 345 299 inesse
369 266 411 299 et
434 256 640 309 orationi,
668 255 897 296 lasciando
920 254 948 294 il
973 260 1109 305 resto,
1135 260 1179 297 et
1203 267 1292 295 non
1322 254 1556 309 granando
1578 255 1617 296 la
1640 254 1809 296 Vniuer-

200 336 291 376 sale
314 332 593 387 Compagnia
617 332 672 374 de
698 331 773 372 tali
798 330 1017 385 suffragii,
1045 345 1115 373 ma
1134 331 1217 372 che
1241 330 1283 371 in
1308 329 1415 385 ogni
1433 330 1624 385 collegio
1646 330 1682 372 si
1708 330 1817 373 facia

200 411 268 452 cio
293 409 387 451 ch’e
408 410 532 451 detto
554 423 631 463 per
654 408 682 449 li
707 408 983 449 benefactori
1015 407 1129 449 suoi.
1159 409 1225 450 De
1250 408 1480 450 Monreale
1502 407 1814 460 dubitauamo,

202 487 363 541 perche
385 485 554 528 l'lllmo.
583 485 808 527 cardinale
839 484 1051 526 Farnesio
1081 498 1172 525 non
1203 485 1259 526 113
1282 484 1504 538 applicato
1534 497 1636 525 cosa
1662 485 1814 537 terma3

201 563 388 605 tuttavia
412 564 502 617 par'
528 562 643 604 bene
665 563 749 603 che
773 561 801 602 il
825 561 1015 615 collegio
1038 560 1198 603 istesso
1218 560 1301 602 faci
1327 560 1355 601 il
1373 560 1540 614 debito,
1562 559 1723 615 poiche
1742 574 1816 602 an·
1835 616 1843 622 ἰ

199 642 281 681 011ε
306 641 358 680 113
384 640 487 680 clato
513 638 730 693 principio
755 639 811 680 tal
837 639 982 692 quale,
1010 645 1054 680 et
1077 637 1297 679 l'orationi
1320 644 1363 679 et
1387 651 1532 680 messe
1556 652 1646 679 non
1674 639 1816 679 faran-

200 731 257 757 no
283 717 367 757 mal
392 730 587 758 nessuno
611 717 650 756 al
668 714 908 768 cardinale,
930 714 984 756 ne
1004 714 1059 756 ad
1078 714 1176 756 altri
1196 715 1281 756 che
1305 715 1393 755 han
1413 713 1517 755 dato
1537 714 1696 757 alcune
1714 727 1818 758 cose

201 794 354 835 ferme.
385 794 438 834 Et
461 807 484 834 a
511 792 628 844 tutti,
656 791 833 832 nemine
856 798 1061 846 exceptO,
1087 790 1109 833 ὲ
1133 804 1264 846 parso
1287 791 1373 832 ben
1398 796 1574 844 questo.
1855 782 1858 784 v

294 882 359 912 12.
426 869 541 911 Delli
565 868 811 910 consultori
844 875 886 910 et
912 869 1023 909 altre
1053 882 1178 919 cose,
1207 869 1263 909 ho
1287 867 1444 909 scritto
1474 880 1550 921 per
1580 867 1609 908 il
1635 868 1685 909 Ρ.
1711 866 1816 910 Gio-

200 947 331 989 vanni
360 946 552 1001 Philipo,
582 952 858 1000 procurator.
886 946 1143 988 Solamente
1166 944 1261 986 diro
1280 944 1322 985 in
1344 950 1518 998 questa,
1543 945 1625 986 che
1648 944 1689 985 la
1712 957 1819 986 cura

200 1025 315 1066 delle
334 1037 436 1065 cose
461 1022 696 1078 spirituali,
723 1022 817 1064 cio&
849 1021 1038 1064 d’aiutar
1067 1022 1122 1063 ad
1147 1021 1254 1076 ogni
1284 1035 1373 1062 vno
1395 1021 1462 1063 de'
1492 1020 1633 1062 nostri
1661 1020 1704 1061 in
1738 1035 1819 1062 suo

200 1100 356 1154 spiritu
382 1100 784 1155 particolarmente,
806 1107 849 1141 et
868 1099 938 1142 alli
958 1100 1053 1154 capi
1073 1112 1098 1139 0
1120 1097 1303 1153 prefecti
1321 1097 1430 1140 darli
1450 1097 1610 1140 ricordi
1630 1111 1706 1152 per
1725 1097 1816 1139 aiu-

202 1185 267 1218 tar
291 1178 317 1218 li
342 1176 593 1228 domestici,
619 1184 661 1219 et
692 1176 763 1217 alli
788 1176 976 1230 operarii
1007 1190 1085 1230 per
1107 1175 1251 1218 aiutar
1282 1176 1293 1215 i
1318 1174 1556 1225 forasfieri,
1585 1174 1606 1216 ὲ
1631 1181 1746 1216 stata
1779 1175 1819 1217 13

202 1253 412 1309 principal
438 1253 523 1295 mia
547 1267 672 1297 cura.
700 1254 753 1294 Et
778 1252 867 1295 cosi
895 1266 1026 1306 spero
1051 1253 1092 1294 lo
1115 1251 1330 1295 vedera.il
1351 1265 1502 1293 nuouo
1525 1251 1814 1307 prouinciale,

200 1338 243 1374 et
268 1332 352 1373 che
374 1330 549 1373 trouera
570 1331 610 1372 la
631 1330 863 1384 prouincia
882 1330 996 1373 nelle
1020 1342 1124 1371 cose
1145 1328 1429 1371 substantiali
1448 1342 1524 1383 per
1543 1328 1700 1369 l’lddio
1718 1343 1815 1383 gra-

203 1407 260 1450 tia
285 1408 467 1461 mutata,
494 1415 538 1450 et
562 1408 677 1449 nella
703 1407 855 1462 politia
878 1407 933 1450 de
958 1414 1108 1449 nostre
1139 1407 1293 1461 regole
1317 1405 1541 1449 mediocre
1570 1406 1816 1447 obseruan-

202 1500 269 1536 za,
297 1492 464 1540 quanto
489 1485 529 1526 la
553 1484 720 1538 qualita
744 1484 847 1526 delli
874 1483 1008 1539 tempi
1034 1490 1077 1525 et
1100 1482 1223 1538 loghi
1248 1484 1398 1525 hanno
1428 1495 1677 1537 permesso‚
1712 1489 1756 1525 et
1780 1483 1819 1525 13

200 1569 336 1617 gente
359 1561 491 1605 etiam
518 1561 591 1616 piu
615 1569 826 1603 contenta
850 1561 921 1602 del
951 1567 1092 1603 restar
1123 1560 1219 1614 qui,
1245 1559 1411 1614 perche
1436 1560 1579 1600 anche
1602 1559 1674 1602 nel
1708 1558 1818 1600 vitto

200 1653 391 1680 saranno
415 1638 579 1692 meglio
603 1637 772 1679 trattati
797 1652 844 1679 se
867 1637 902 1678 si
927 1651 1108 1679 osserua
1131 1636 1322 1679 l’ordine
1345 1637 1465 1688 dato,
1492 1643 1535 1678 et
1558 1635 1586 1676 il
1611 1636 1742 1677 modo
1765 1636 1820 1677 de

201 1716 441 1770 procedere
464 1715 530 1757 de'
554 1714 771 1769 superiori
797 1716 895 1756 sara
920 1714 995 1769 piu
1013 1713 1214 1769 benigno
1233 1720 1276 1755 et
1294 1712 1596 1755 conueniente
1619 1726 1748 1755 verso
1766 1712 1821 1756 de

199 1793 308 1834 loro.
338 1794 403 1834 De
428 1799 546 1833 tutto
568 1791 596 1833 il
621 1792 734 1833 bene
759 1806 782 1833 3
807 1791 892 1833 Dio
916 1791 1011 1833 solo
1035 1791 1074 1832 13
1099 1790 1256 1845 gloria.
1293 1791 1419 1833 Delle
1442 1789 1713 1845 negligenze
1735 1788 1822 1831 mie

199 1877 241 1910 et
265 1869 443 1910 defecto
466 1870 521 1911 de
543 1868 830 1920 discretione,
856 1867 942 1909 Dio
962 1869 1017 1909 N.
1041 1868 1088 1910 S.
1117 1866 1299 1922 perdoni
1327 1881 1413 1920 me,
1436 1873 1480 1909 et
1503 1866 1728 1920 supplisca
1746 1880 1820 1921 ap-

199 1960 350 2000 presso
374 1946 481 1988 loro.
510 1947 570 1988 So
593 1947 676 1988 che
700 1945 755 1986 mi
777 1947 833 1986 ha
852 1945 956 1986 dato
975 1945 1092 1986 bona
1111 1943 1297 1986 volonta
1317 1945 1372 1986 de
1390 1943 1597 1994 seruirlo,
1618 1949 1662 1985 et
1685 1941 1820 1984 d'aiu-

198 2030 264 2064 tar
287 2031 444 2076 questa
470 2022 699 2077 prouincia
723 2022 1076 2072 sinceramente,
1102 2028 1144 2064 et
1169 2027 1329 2075 questo
1352 2020 1513 2063 istesso
1545 2033 1671 2061 come
1704 2020 1823 2062 dono

197 2114 279 2141 suo
304 2101 343 2140 lo
368 2100 648 2154 ricognoscm
675 2106 719 2140 et
743 2099 1038 2141 humilmente
1061 2098 1288 2140 domando
1311 2112 1335 2139 a
1360 2099 1416 2140 V.
1446 2099 1495 2139 P.
1529 2111 1609 2138 sua
1632 2097 1818 2140 benedi-

197 2177 360 2219 ctione.
388 2177 455 2219 De
479 2176 668 2218 Catania
698 2188 746 2231 10
771 2176 826 2218 de
852 2175 1005 2230 Magio
1036 2176 1160 2228 1576.

288 2256 353 2295 De
378 2252 430 2294 V.
458 2255 506 2295 P.
534 2266 666 2294 seruo
692 2260 734 2294 et
762 2252 931 2307 figliolo
956 2252 1000 2293 in
1026 2252 1127 2303 X.⁰,

942 2329 969 2385 †
987 2331 1177 2385 JOANNE
1202 2343 1264 2372 DE
1290 2330 1534 2372 POLANCO,
1562 2327 1588 2383 †
