1891 3292
488 169 806 205 EPHEMER1DES.
832 171 1122 213 -JAN.-MART.
1156 171 1245 216 1558
1578 174 1645 216 617

147 284 201 327 23
224 271 359 314 huius
381 269 650 312 concionem
675 270 832 311 habuit
859 272 909 314 R.
939 273 985 313 P.
1013 272 1206 314 vicarius
1229 274 1284 315 de
1317 287 1436 315 nouo
1460 274 1545 316 isto
1577 275 1692 317 festo

0 339 2 377 L
60 331 312 377 Cathedrae
334 331 383 374 S.
413 328 534 372 Petri
561 330 747 379 Romae,
784 331 903 383 quod
931 332 1208 374 celebratum
1236 334 1380 376 fuerat
1417 333 1465 375 18
1496 333 1630 375 huius
1653 332 1687 377 fi.

676 422 755 479 [DE
788 425 1079 481 FEBRUARIO]

144 520 194 551 21
222 506 373 563 huius,
399 506 475 561 qui
498 515 592 548 erat
616 505 712 547 dies
735 507 867 548 lunae
891 507 1224 559 bachanalium,
1252 509 1442 563 singulis
1474 510 1687 552 fratribus

58 566 280 611 distribuit
304 567 355 608 R.
387 567 438 608 P.
466 565 639 608 Natalis
662 564 883 619 imagines
903 567 1240 620 pulcherrimas,
1264 568 1479 623 incipiens
1498 577 1541 610 et
1562 570 1684 610 clau-

56 628 166 671 dens
187 627 306 668 hanc
328 624 621 674 diuisionem,
647 637 764 678 quae
787 633 888 665 cum
914 639 1077 680 magna
1102 627 1330 669 alacritate
1354 636 1397 670 et
1422 628 1688 669 consolatio-

56 700 111 729 ne
133 684 316 741 spiritus
337 684 491 737 fiebat,
518 683 714 738 quodam
738 691 891 724 cantu.
929 685 978 726 R.
1012 687 1059 726 Ρ.
1095 686 1390 728 Sebastianus
1420 687 1603 729 dextere
1627 687 1687 730 fe-

55 745 112 788 cit
133 751 182 786 vt
206 746 259 788 R.
287 745 338 786 P.
366 742 538 786 Natalis
561 742 681 784 illam
705 742 893 785 haberet
916 742 1158 798 imaginem
1184 759 1316 798 quam
1342 746 1542 799 optabat.
1571 747 1687 799 Ipse-

54 810 144 847 met
167 805 304 846 Pater
325 801 500 845 Natalis
521 801 707 843 nomine
729 802 957 843 chartulas
999 804 1249 856 aperiebat,
1282 813 1518 858 postquam
1543 819 1568 845 a
1599 806 1685 846 Ru-

53 862 203 906 muldo
225 869 270 905 et
293 863 547 916 Xrophoro.
575 875 717 916 paruo
742 860 794 917 [ἒ]
819 869 971 903 essent
994 862 1198 905 eductae.

138 922 390 965 Exeuntem
429 922 690 974 Trayanum
731 921 903 973 absque
933 920 1129 973 licentia,
1162 921 1290 963 iussit
1322 923 1372 963 R.
1403 923 1458 963 Ρ.
1492 921 1686 963 vicarius

53 980 220 1036 vesperi
247 979 426 1023 excludi
451 981 597 1022 donec
622 994 647 1021 a
675 978 887 1021 Patribus
911 979 1074 1021 domus
1099 980 1331 1023 iuberetur
1354 980 1544 1031 admitti;
1567 982 1686 1034 quod

49 1049 92 1084 et
114 1041 281 1082 factum
304 1046 373 1081 est
396 1046 675 1092 constanter,
702 1046 747 1081 et
769 1052 873 1080 cum
898 1039 1043 1092 gratia
1066 1054 1090 1080 a
1117 1041 1167 1081 Ρ.
1196 1040 1459 1082 Laurentio.
1494 1041 1683 1082 Interce—

50 1100 178 1143 debat
219 1101 268 1142 Ρ.
306 1099 625 1142 Sebastianus:
659 1098 738 1141 sed
769 1112 871 1140 mox
905 1097 1092 1152 destitit,
1127 1098 1201 1140 vbi
1232 1098 1452 1141 intellexit
1481 1098 1544 1140 sic
1568 1098 1686 1140 ordi-

50 1173 178 1202 nasse
203 1160 255 1201 R.
284 1160 334 1201 P.
355 1158 588 1200 vicariurn.

133 1229 187 1260 22
211 1217 363 1271 huius,
390 1217 466 1271 qui
489 1226 585 1260 erat
609 1216 839 1259 Cathedra
865 1218 919 1258 D.
947 1217 1066 1260 Petri
1085 1224 1128 1258 et
1144 1216 1238 1259 dies
1257 1216 1410 1258 martis
1432 1217 1680 1258 bacchana-

47 1276 220 1328 liorum,
248 1283 458 1332 receptus
480 1284 548 1318 est
571 1275 794 1318 Traianus
817 1277 863 1318 in
882 1276 1127 1330 collegium
1149 1275 1475 1331 germanicum,
1497 1283 1542 1318 et
1559 1275 1684 1317 iussu

48 1337 98 1379 Ρ.
124 1336 276 1378 vicarii
300 1350 403 1378 cum
428 1335 667 1391 disciplina
690 1349 841 1377 coram
873 1336 1107 1388 omnibus,
1134 1344 1177 1376 et
1201 1335 1432 1390 proposito
1457 1334 1615 1377 melius
1638 1348 1685 1376 se

48 1396 251 1451 gerendi.

710 1490 790 1546 [DE
825 1489 1027 1545 MARTIO]

127 1573 264 1616 Anno
308 1574 435 1627 1558,
474 1584 523 1616 12
564 1572 732 1624 Martii,
776 1572 918 1616 literis
958 1572 1165 1628 magistri
1205 1571 1374 1616 Canisii
1415 1570 1683 1613 Theodoricl

43 1631 263 1689 excitatus
286 1647 387 1674 sum
406 1633 462 1675 ad
479 1633 730 1675 notandum
749 1632 990 1687 diligenter
1009 1646 1324 1687 quaecumque
1342 1638 1587 1672 occurrunt
1607 1644 1683 1671 no-

47 1698 139 1734 tatu
157 1691 312 1746 digna.

131 1752 182 1793 P.
211 1750 455 1794 Cornelius
478 1750 782 1794 benedicebat
817 1765 956 1805 panes
990 1751 1104 1792 duos
1133 1749 1452 1793 benedictione
1476 1749 1523 1791 S.
1551 1747 1684 1789 Nico-

43 1809 97 1852 lai
120 1811 175 1853 de
198 1810 460 1862 Tolentino,
486 1825 568 1865 pro
592 1810 770 1852 infirma
795 1810 998 1862 muliere;
1025 1818 1069 1852 et
1092 1810 1274 1851 dicebat
1299 1809 1526 1863 prodesse.
1554 1806 1684 1849 Dice-

43 1870 120 1911 bat
142 1869 386 1924 plurimum
410 1871 560 1912 valere
584 1869 909 1924 experientiam
934 1870 977 1912 in
1002 1870 1140 1911 rebus
1169 1868 1495 1923 spiritualibus.

134 1940 184 1982 13
210 1929 375 1972 Martii.
399 1929 521 1972 Idem
545 1929 805 1971 inculcabat
837 1929 1018 1971 assidue
1040 1936 1085 1970 vt
1109 1942 1281 1970 orarem
1307 1930 1453 1970 Deum
1481 1940 1559 1980 pro
1583 1939 1683 1980 gra—

41 1987 113 2040 tia,
138 2002 364 2043 vsurpans
387 2003 497 2043 sepe
520 1988 648 2030 illud:
676 1989 794 2031 Ecce
817 2003 951 2043 quarn
977 1988 1093 2031 bene
1116 1987 1315 2042 disponit
1338 1986 1485 2028 omnia
1509 1985 1582 2026 illa
1601 1983 1683 2026 Dei

40 2047 273 2102 sapientia.
302 2048 539 2090 Recitabat
562 2061 775 2090 coronam
801 2049 976 2090 habens
1000 2048 1140 2089 multa
1164 2062 1304 2101 grana
1331 2044 1585 2087 benedicta.
1608 2043 1681 2085 Di-

40 2107 169 2150 cebat
192 2121 240 2148 se
269 2122 294 2149 a
323 2109 377 2150 R.
417 2109 467 2151 P.
502 2107 681 2162 Ignatio
714 2108 953 2162 expulsum
992 2107 1132 2149 fuisse
1166 2107 1300 2148 domo
1334 2119 1412 2159 per
1446 2111 1535 2146 tres
1568 2103 1679 2153 dies,

40 2179 174 2220 quum
201 2167 395 2221 primum
421 2168 610 2209 Romam
640 2167 852 2217 venisset,
879 2175 926 2207 vt
958 2166 1138 2208 interim
1168 2165 1464 2209 eleemosinas
1490 2177 1566 2216 per
1590 2163 1678 2203 Vr-

38 2225 137 2267 bem
164 2233 356 2280 peteret,
383 2235 427 2268 et
451 2226 631 2268 interim
663 2233 879 2280 tanquam
912 2226 1183 2281 peregrinus
1212 2223 1439 2266 licentiam
1464 2222 1677 2275 impetra-

39 2291 104 2327 ret
126 2285 393 2328 absoluendi
419 2285 653 2328 mulierem
679 2286 939 2340 quamdam,
968 2299 1084 2340 quae
1107 2290 1379 2326 conuersata
1410 2284 1555 2323 fuerat
1579 2294 1680 2320 cum

39 2343 297 2398 haereticis,
324 2352 369 2388 et
393 2359 526 2400 quam
555 2349 670 2387 bona
694 2345 782 2386 fide
806 2345 1078 2388 absoluerat.
1108 2346 1236 2395 Item,
1263 2356 1472 2396 magnam
1493 2338 1680 2394 gratiani

38 2415 136 2445 esse
160 2418 264 2445 cum
289 2404 445 2459 primis
468 2403 564 2446 istis
591 2405 804 2446 Patribus
827 2404 1109 2455 conuersari,
1134 2404 1189 2445 de
1213 2402 1378 2456 quibus
1403 2408 1491 2441 tarn
1516 2398 1676 2438 miran-

38 2462 93 2505 da
114 2463 322 2506 videmus
345 2472 389 2506 et
413 2463 623 2505 audimus
648 2464 863 2517 quotidie.

126 2523 178 2564 Ρ.
206 2522 472 2566 Madridius:
496 2523 599 2566 Non
618 2531 687 2565 est
705 2523 924 2565 continuo
944 2522 1236 2563 indicandum
1258 2530 1495 2573 puerorum
1522 2529 1676 2569 paren-

35 2578 153 2623 tibus
175 2595 279 2624 cum
304 2582 393 2624 leui
417 2582 568 2636 aliquo
593 2584 752 2624 morbo
776 2583 998 2631 laborant,
1026 2581 1104 2622 sed
1129 2578 1347 2620 consultis
1372 2574 1555 2618 medicis
1573 2575 1677 2615 dan-

35 2638 89 2682 da
116 2647 184 2682 est
218 2656 295 2696 per
325 2641 497 2695 aliquot
531 2641 626 2683 dies
660 2641 796 2685 dieta.
832 2642 1104 2683 Consultum
1137 2647 1205 2681 est
1234 2638 1280 2679 in
1315 2635 1444 2691 graui
1480 2633 1679 2688 periculo

33 2698 182 2752 plures
204 2708 248 2741 et
274 2700 570 2755 peritissimos
593 2715 800 2756 quosque
830 2701 1031 2743 medicos
1063 2706 1106 2740 et
1136 2699 1391 2751 chyrurgos
1420 2692 1674 2741 consulere,

34 2757 137 2811 quia
159 2760 289 2814 plura
310 2760 467 2803 vident
490 2760 609 2802 oculi
634 2774 769 2814 quam
794 2760 970 2802 oculus.

102 2865 123 2891 ii
171 2865 308 2911 Infra,
328 2866 415 2900 alia
435 2878 572 2906 manu,
598 2864 700 2910 15583
718 2869 753 2900 et
768 2866 920 2906 eadem,
943 2868 983 2898 ut
1000 2864 1171 2904 videtur,
1190 2862 1231 2895 in
1253 2858 1556 2905 sequentifoli0‚
1573 2858 1675 2903 quod
1739 2883 1748 2890 .

29 2915 113 2946 erat
131 2915 294 2956 purum,
315 2914 426 2948 haec:
448 2914 553 2948 Patri
575 2912 763 2950 Oliuerio.
786 2921 888 2956 1557.
914 2911 1015 2956 1558.
1040 2911 1232 2955 Sequitur
1252 2911 1385 2942 autem
1410 2907 1586 2952 ejusdem
1606 2904 1676 2957 faf

31 2960 167 2995 sciculi
184 2972 310 2994 novus
329 2961 555 3006 quaternio,
586 2973 610 2995 α
630 2961 779 2995 duobus
794 2959 1104 2993 amanuensibus
1125 2959 1329 2995 exaratus,
1350 2956 1463 3000 quasi
1482 2957 1676 2987 transcri-

34 3005 207 3042 bentibus
224 3009 465 3043 adversaria
491 3008 736 3048 Theoderici,
757 3006 866 3051 cujus
888 3018 1032 3040 manus
1051 3006 1094 3039 in
1109 3007 1312 3049 posterum
1338 3014 1417 3036 non
1441 3004 1632 3047 apparet.
