1891 3292
558 160 874 198 EPHEMER1DES.
882 163 1054 199 —SEPT.
1088 172 1175 208 1557
1335 146 1337 148 Ι
1568 165 1638 209 607

50 262 256 317 Carapha
279 268 323 305 et
340 260 396 304 de
419 262 467 304 S.
495 259 625 303 Fiore
653 268 698 303 et
722 262 899 305 Viteloz
933 263 982 306 ¹⁰.
1018 265 1076 306 Et
1098 278 1205 307 ecce
1239 265 1311 307 illa
1345 265 1439 320 ipsa
1469 272 1602 307 nocte
1626 265 1685 307 ita

49 320 285 365 inundauit
309 319 500 374 Tyberis
526 333 607 385 per
636 331 879 374 sequentes
909 298 1077 377 aliquot
1108 323 1219 375 dies,
1248 332 1295 365 ut
1326 339 1468 378 usque
1501 325 1556 365 ad
1576 332 1685 367 tem-

47 381 168 446 plum
195 388 400 421 nostrum
423 378 717 434 pertingeret,
743 387 787 421 et
820 382 1019 424 omnium
1050 383 1207 424 domos
1230 390 1487 438 occuparet
1517 383 1683 425 Vinum

46 448 90 483 et
112 438 196 481 alia
213 438 364 480 omnia
386 438 432 479 in
456 437 732 492 superiorem
751 438 899 481 locum
925 441 980 482 ad
1003 442 1300 483 coenaculum
1334 443 1681 496 asportauimus

46 499 214 543 Iuimus
244 498 298 539 28
328 497 372 538 in
402 497 587 538 domum
620 498 823 548 Patrum,
856 513 909 540 ex
940 500 1146 554 collegio.
1176 501 1484 543 Recitauimus
1514 512 1537 553 7
1567 502 1685 555 psal-

46 572 144 601 mos
166 557 459 612 praelegente
494 557 547 598 R.
586 557 638 598 Ρ.
675 556 857 608 vicario;
893 565 983 600 tota
1012 567 1144 600 nocte
1173 567 1346 602 oratum
1377 567 1445 603 est
1474 560 1680 602 horatim.

45 618 162 661 Vere
186 615 331 658 iustus
354 623 422 658 est
450 614 674 657 Dominus
704 623 747 658 et
781 615 994 658 mirabilis
1026 618 1070 659 in
1095 618 1270 660 iudiciis
1299 619 1408 660 suis.
1441 620 1682 673 Nunquam

43 690 130 732 ego
158 675 203 717 in
235 674 327 716 uita
366 673 627 717 huiusmodi
665 688 758 716 rem
800 682 890 716 tam
924 676 1169 718 mirabilem
1201 686 1382 731 tamque
1415 679 1682 732 stupendam

44 735 152 788 uidi,
179 748 295 789 quae
319 748 426 776 uere
449 740 517 775 est
540 733 751 775 omnibus
775 735 966 776 saeculis
990 737 1278 777 memoranda
1297 737 1353 778 ad
1370 737 1453 778 Dei
1472 737 1680 790 gloriam,

43 794 117 860 qui
141 768 401 836 huiusmodi
424 792 569 834 modis
586 792 897 835 efficacissime
914 801 958 835 et
977 793 1292 837 inuiolabiliter
1310 772 1505 837 ostendit
1529 810 1576 837 se
1596 798 1682 837 Do-

41 853 214 896 minum
234 867 333 895 esse
358 852 694 903 uniuersorum,
721 859 766 893 et
790 866 920 906 posse
945 866 1026 894 nos
1049 855 1202 895 eadem
1228 854 1441 897 facilitate
1463 855 1684 896 suffocare

42 927 214 963 omnes,
241 911 277 953 si
302 911 407 953 fecit
432 925 523 953 uno
546 911 619 954 die
641 919 686 953 et
709 919 843 954 nocte
869 926 955 953 una
979 919 1027 953 ut
1052 926 1195 967 usque
1213 913 1268 954 ad
1288 914 1506 955 fenestras
1529 914 1683 955 domo-

43 987 139 1014 rum
163 977 447 1015 excresceret
470 984 603 1025 aqua,
626 977 670 1014 et
694 970 780 1012 iam
805 971 1064 1012 cubiculum
1085 971 1315 1026 portinarii
1338 973 1380 1013 in
1401 972 1592 1026 collegio
1611 987 1682 1014 su-

43 1037 235 1089 peraret.

128 1092 171 1133 A
194 1097 328 1132 nocte
352 1103 468 1143 quae
492 1087 736 1143 praecessit
765 1089 862 1142 15.
884 1088 1035 1139 huius,
1064 1104 1178 1143 quae
1200 1096 1294 1132 erat
1325 1090 1373 1131 18
1395 1091 1447 1132 B.
1479 1089 1682 1143 Virginis

42 1149 212 1193 Mariae
241 1156 277 1173 ³²
305 1163 450 1214 usque
482 1158 522 1202 5.
530 1155 577 1172 ‘¹¹¹²
605 1149 764 1190 horam
799 1148 947 1189 noctis
985 1148 1230 1202 sequentis,
1263 1148 1478 1190 continuo
1507 1162 1683 1201 semper

41 1223 146 1252 cum
165 1207 340 1263 ingenti
363 1208 534 1262 impetu
558 1206 761 1249 excreuit
784 1221 916 1262 aqua.
951 1208 1102 1261 Atque
1134 1210 1311 1250 tandem
1337 1207 1555 1262 incipiens
1575 1207 1680 1248 defi-

40 1267 371 1323 ceresequenti
401 1266 487 1319 die,
512 1281 629 1321 quae
659 1274 757 1309 erat
786 1266 884 1308 dies
912 1266 1044 1318 iouis,
1072 1275 1115 1309 et
1145 1267 1453 1321 subsequente
1496 1266 1568 1309 die
1608 1281 1681 1309 ve-

38 1327 172 1380 neris,
200 1327 381 1382 penitus
405 1326 535 1369 rediit
557 1325 601 1367 in
626 1325 807 1368 alueum
831 1339 980 1368 suum.
1005 1326 1185 1368 Interim
1206 1333 1355 1369 tamen
1373 1325 1523 1367 omnia
1548 1325 1680 1368 inter-

38 1402 94 1430 na
116 1387 351 1428 domorum
376 1387 506 1440 plena
530 1393 657 1427 erant
681 1385 810 1439 aquis
841 1393 885 1426 et
916 1385 1090 1439 argilla.
1113 1386 1231 1427 Vere
1254 1386 1367 1426 haec
1398 1399 1557 1427 manus
1579 1385 1650 1425 Do
1670 1409 1676 1414 ·

38 1446 144 1489 mini
167 1454 278 1500 erat,
305 1453 350 1489 et
374 1446 491 1489 bene
514 1446 796 1487 monstrabat
820 1444 1048 1486 Dominus
1072 1444 1390 1486 uniuersorum
1414 1458 1462 1487 se
1485 1458 1583 1486 esse
1606 1444 1682 1484 do-

37 1505 227 1548 minum.

131 1565 197 1608 18.
264 1565 450 1608 Iuerunt
476 1562 713 1605 Perusium
738 1578 793 1606 ex
817 1562 1012 1618 collegio
1034 1564 1086 1606 R.
1126 1564 1177 1604 P.
1214 1564 1409 1605 Ioannes
1438 1561 1672 1613 Nicolaus,

38 1623 346 1677 Innocentius,
375 1625 568 1666 Ioannes
593 1622 796 1678 Baptista
826 1631 1033 1672 venetus,
1068 1629 1111 1664 et
1140 1623 1332 1664 Ioannes
1353 1621 1538 1664 flander.

125 1684 295 1727 Eodem
328 1682 400 1725 die
440 1689 663 1726 uenerunt
703 1682 900 1724 Laureto
938 1683 1134 1724 Ioannes
1172 1681 1437 1724 Leonardus
1480 1680 1678 1732 calaber,

37 1743 228 1786 Ioannes
251 1742 537 1796 Dominicus,
561 1748 606 1785 et
626 1741 846 1784 Melchior
871 1740 1236 1783 mediolanensis.

128 1803 297 1846 Eodem
321 1801 392 1844 die
417 1804 605 1844 Romam
630 1801 757 1844 uenit
782 1800 901 1842 filius
924 1800 1054 1842 ducis
1078 1801 1133 1842 de
1157 1799 1290 1842 Alba.

129 1874 197 1918 19.
263 1863 457 1916 Ipsemet
480 1861 572 1903 dux
597 1860 735 1903 venit:
758 1867 855 1903 erat
880 1867 1035 1901 autem
1059 1858 1314 1901 dominicus
1337 1856 1450 1908 dies,
1478 1870 1567 1910 quo
1587 1871 1679 1898 ma

36 1920 153 1963 xima
182 1921 410 1964 celebrata
448 1927 517 1962 est
547 1919 716 1963 laetitia
755 1919 810 1961 de
835 1933 959 1973 pace3
992 1927 1036 1961 et
1077 1920 1127 1960 P.
1167 1917 1361 1961 Michael
1395 1916 1604 1970 Boteglio
1636 1916 1679 1956 in

37 1980 253 2023 concione
276 1981 587 2047 exaggerabat
611 1992 726 2034 quae
749 1986 877 2020 erant
907 1979 963 2021 de
993 1977 1137 2034 dilu[u
1110 1977 1221 2033 u]io.

124 2040 352 2083 Omnibus
375 2039 472 2081 istis
495 2039 656 2081 diebus
679 2038 790 2079 nihil
809 2037 941 2080 nobis
959 2037 1101 2080 defuit
1119 2052 1175 2079 ex
1192 2035 1351 2087 solitis,
1371 2035 1461 2077 imo
1478 2033 1679 2076 cardina-

35 2097 87 2141 lis
118 2099 300 2154 quidam
332 2107 376 2142 et
411 2098 604 2140 theatini
643 2098 827 2139 domum
861 2104 1062 2139 nostram
1098 2096 1314 2139 miserant
1354 2110 1433 2150 pro
1468 2093 1676 2148 panibus

36 2158 137 2201 Non
157 2166 307 2200 tamen
330 2165 398 2201 est
422 2159 589 2202 lectum
620 2173 645 2200 a
674 2157 746 2200 die
777 2156 991 2198 mercurii
1017 2163 1119 2211 post
1153 2155 1408 2210 prandium,
1445 2167 1589 2206 usque
1625 2153 1680 2193 ad

35 2217 150 2261 diem
175 2219 309 2260 lunae
332 2224 617 2272 sequentem,
645 2230 736 2271 quo
759 2216 831 2258 die
855 2231 944 2257 non
970 2216 1209 2270 legebatur
1235 2214 1415 2268 quidem
1441 2212 1607 2267 pueris;
1636 2211 1678 2251 in

35 2277 268 2319 altioribus
292 2284 445 2319 tamen
469 2276 693 2319 classibus
716 2276 884 2318 lectum
911 2282 993 2327 est,
1019 2275 1098 2317 sed
1129 2274 1171 2315 in
1196 2274 1329 2315 domo
1352 2279 1504 2314 nostra
1535 2271 1577 2311 in
1604 2285 1680 2311 cu-

35 2336 196 2379 biculis
221 2336 424 2392 priuatis.

123 2408 193 2438 20.
260 2397 449 2439 luerunt
478 2395 522 2437 in
554 2394 754 2439 Siciliam
789 2409 845 2436 ex
873 2394 1009 2436 domo
1042 2394 1233 2434 Ioannes
1272 2390 1536 2434 Leonardus
1565 2390 1678 2430 cala-

35 2453 128 2507 ber,
156 2455 350 2499 Michael
374 2462 583 2505 venetus
609 2454 927 2497 Ferdinandus
945 2461 989 2495 et
1009 2451 1306 2495 Sebastianus
1324 2451 1378 2491 de
1398 2447 1588 2491 Amelia.
1614 2449 1679 2488 Ex

35 2514 224 2569 collegio
261 2516 453 2558 Ioannes
482 2496 667 2567 latinus,
704 2513 939 2556 Gerardus
970 2512 1205 2566 hispanus,
1243 2509 1474 2552 Antonius
1512 2507 1675 2560 gallus,

35 2573 223 2616 Ioannes
246 2575 461 2628 Thomas,
489 2573 706 2616 Nicolaus
729 2573 784 2614 de
808 2572 983 2622 Caieta,
1020 2578 1064 2612 et
1088 2569 1359 2612 Valentinus
1392 2575 1528 2620 atque
1553 2567 1677 2606 Ioan-

36 2646 113 2675 nes
136 2633 337 2676 bohemi

122 2705 194 2743 21,
228 2693 303 2747 qui
335 2699 430 2736 erat
460 2693 625 2734 festum
657 2693 705 2735 S.
744 2689 959 2739 Mathaei,
997 2689 1334 2743 promulgatum
1368 2692 1435 2727 est
1459 2683 1674 2724 iubileum

89 2834 125 2851 ὃὸ
178 2829 246 2863 Sic
263 2838 356 2871 ms.;
373 2828 441 2863 sed
460 2828 560 2873 lege:
580 2839 680 2873 quae
702 2832 785 2861 erat
805 2826 859 2861 8.·
880 2823 1136 2871 [Nativitatis]
1160 2823 1202 2857 B.
1224 2820 1397 2865 Virginis
1414 2819 1571 2853 Mariae.

86 2955 115 2975 ¹0
166 2955 324 2989 Scilicet
343 2953 546 2988 Vitellotio
561 2953 733 2988 Vitellio.
757 2951 835 2985 Alii
856 2955 987 2985 autem
1006 2949 1097 2992 duo,
1117 2955 1158 2982 ut
1174 2948 1314 2983 scitum
1333 2952 1406 2989 est,
1424 2946 1586 2981 Carolus
1607 2945 1677 2980 Ca-

36 3001 130 3036 raffa
149 3008 188 3037 et
203 3001 332 3037 Guido
352 3001 545 3036 Ascanius
564 3000 720 3035 Sfortia.
