1891 3292
0 2782 2 2824 l

515 227 651 261 Eprsr.
684 227 836 270 199.-8
862 224 1091 260 FEBRUARII
1113 222 1201 267 1573
1559 228 1626 264 257

127 329 454 386 Episcoporum
477 326 708 369 dioeceses
726 338 907 379 quoque
930 324 973 365 in
999 323 1202 379 pluribus
1220 322 1345 374 locis,
1366 321 1499 366 etiam
1524 320 1673 375 quoad

41 407 328 464 temporalem
362 403 719 447 iurisdictionem
753 401 976 456 episcopis
1006 400 1237 453 subiectis,
1270 399 1533 442 haeresibus
1562 397 1671 442 infe-

38 496 137 530 ctae
157 490 279 535 sunt;
304 482 367 525 ita
391 489 438 524 ut
462 479 642 536 publice
664 480 928 531 doceantur,
954 485 999 520 et
1023 477 1134 519 fiant
1162 477 1207 518 in
1238 477 1413 519 illorum
1439 474 1673 519 territoriis

39 571 84 608 et
111 559 420 604 iurisdictione
448 556 683 613 spirituali,
714 569 829 610 quae
858 555 914 597 ab
943 553 1152 596 hostibus
1184 553 1417 608 religionis
1444 552 1598 595 doceri
1627 559 1672 594 et

39 639 134 683 fieri
156 642 494 681 consueuerunt
517 634 561 675 in
585 631 821 688 temporali
844 630 1044 673 dominio
1067 629 1335 685 principum,
1361 629 1437 683 qui
1461 643 1671 672 romanae

41 714 244 771 religioni
267 711 435 755 addicti
457 725 547 754 non
571 717 696 761 sunt;
728 709 864 763 idque
894 707 1053 763 partim
1083 714 1265 762 propter
1296 706 1530 748 hominurn
1554 720 1670 748 som·

41 806 165 847 num,
191 804 324 845 quem
346 787 558 830 inimicus
579 788 716 828 homo
746 784 989 836 desiderat;
1021 783 1181 839 partim
1211 783 1334 837 quod
1364 782 1671 837 operariorum

39 868 237 913 fidelium
255 879 422 920 magna
443 864 500 907 sit
522 863 690 919 inopia,
715 870 760 906 et
780 862 977 917 exiguus
995 873 1211 902 numerus
1229 859 1485 901 curantium
1510 874 1580 902 res
1605 874 1670 902 re-

42 945 218 1003 ligionis
239 941 504 993 catholicae,
530 940 627 984 siue
650 954 818 995 magna
840 938 970 994 copia
992 951 1148 980 eorum
1178 936 1254 992 qui
1284 937 1453 978 mundo
1483 936 1671 979 haereti-

40 1024 193 1078 cisque
215 1021 392 1076 placere
415 1019 616 1062 student.
650 1018 706 1060 Et
734 1016 904 1059 idcirco
933 1022 1173 1071 praetextu
1201 1013 1403 1057 euitandi
1432 1013 1671 1063 tumultus,

44 1099 381 1153 seruandaeque
402 1095 526 1152 pacis
554 1094 779 1151 publicae,
804 1093 984 1149 integra
1013 1091 1137 1134 carni
1164 1091 1351 1134 libertas
1379 1089 1545 1146 passim
1575 1104 1672 1144 per-

41 1176 243 1228 mittitur,
266 1181 310 1217 et
334 1172 519 1216 uiuendi
537 1179 671 1227 prout
694 1171 886 1226 quisque
905 1169 1002 1212 uult
1023 1167 1205 1212 licentia
1222 1166 1504 1218 conceditur,
1525 1166 1674 1208 subla-

44 1255 98 1296 tis
119 1252 328 1295 omnibus
352 1251 444 1294 fere
467 1263 692 1292 canonum
717 1256 761 1291 et
784 1249 937 1303 legum
963 1245 1208 1301 repagulis.
1237 1244 1325 1287 Hic
1356 1243 1463 1285 mihi
1494 1243 1675 1286 uidetur

43 1338 184 1374 status
201 1342 300 1373 esse
318 1326 610 1384 germanicae
627 1325 837 1369 nationis.
851 1324 899 1368 Si
917 1324 1129 1373 dicerem,
1152 1324 1193 1365 A
1213 1322 1368 1377 planta
1386 1320 1511 1376 pedis
1530 1334 1674 1375 usque

44 1408 99 1451 acl
126 1405 341 1449 uerticem
364 1419 455 1447 non
484 1411 552 1445 est
580 1402 624 1445 in
655 1417 707 1446 ea
730 1401 915 1452 sanitas,
947 1408 992 1442 et
1016 1399 1179 1443 Omnis
1201 1413 1307 1441 caro
1329 1397 1528 1453 corrupit
1553 1397 1673 1439 uiam

45 1498 183 1537 suam,
221 1497 315 1525 non
354 1481 708 1537 reprehenderer
741 1478 942 1521 fortassis
980 1478 1035 1520 ab
1072 1476 1350 1519 hominibus.
1393 1475 1518 1517 Deus
1557 1474 1674 1518 enirn

45 1576 147 1605 suos
169 1561 321 1611 habet,
348 1559 424 1614 qui
446 1573 537 1600 non
560 1563 869 1600 curuauerunt
892 1569 1042 1611 genua
1066 1569 1146 1597 sua
1170 1553 1299 1595 idolis
1324 1551 1610 1608 germanicis.

126 1637 396 1692 'Priusquam
421 1644 572 1679 autem
595 1636 651 1676 de
674 1633 846 1676 ratione
869 1631 1055 1675 iuuandi
1099 1640 1233 1686 atque
1256 1629 1539 1672 instaurandi
1563 1628 1667 1672 reli-

45 1715 221 1771 gionem
244 1713 528 1764 catholicam,
556 1711 674 1767 quod
700 1712 752 1754 R.
775 1710 828 1752 V.
854 1708 1087 1764 posteriori
1112 1709 1215 1750 loco
1239 1722 1263 1749 a
1285 1722 1357 1749 me
1381 1706 1475 1749 fieri
1500 1705 1673 1761 petiuit,

46 1791 203 1842 dicam;
229 1790 505 1833 enumerabo
530 1803 599 1831 res
622 1789 790 1843 aliquot
821 1801 935 1842 quae
960 1800 1041 1827 nos
1064 1785 1233 1840 optime
1256 1799 1454 1839 sperare,
1481 1791 1524 1826 et
1548 1790 1670 1825 certo

44 1869 197 1912 iubent
214 1875 474 1923 exspectare
496 1865 839 1909 conuersionem
859 1864 995 1905 huius
1018 1863 1198 1905 inclitae
1220 1861 1432 1903 nationis.

132 1945 281 1988 Primo
302 1945 419 1987 bene
441 1958 620 1999 sperare
643 1957 726 1984 nos
749 1941 874 1984 iubet
897 1940 981 1984 Dei
1005 1938 1326 1990 misericordia,
1353 1952 1468 1992 quae
1492 1952 1581 1979 non
1607 1937 1668 1979 si-

46 2023 108 2064 nit
130 2022 261 2065 etiarn
284 2022 612 2063 infructuosam
636 2020 875 2061 ficulneam
898 2018 1057 2060 vineae
1075 2031 1183 2059 suae
1202 2015 1373 2058 succidi
1396 2014 1545 2057 statim
1571 2028 1673 2057 cum

45 2114 140 2143 eam
157 2099 320 2155 reperit
343 2099 441 2141 sine
466 2099 631 2150 fructu.
946 2100 948 2103 '

130 2176 303 2219 Deinde
320 2174 591 2219 desiderium
615 2181 659 2216 et
682 2187 806 2215 amor
824 2171 1037 2215 audiendi
1056 2171 1245 2214 uerbum
1266 2170 1366 2220 Dei,
1390 2170 1512 2224 quod
1535 2169 1675 2212 omni-

47 2253 129 2295 bus
145 2253 335 2296 inditum
359 2266 457 2295 esse
482 2251 677 2294 uidetur.
701 2250 886 2292 Errores
904 2256 1053 2291 autem
1074 2262 1131 2291 ex
1156 2248 1296 2290 uerbo
1314 2247 1399 2289 Dei
1420 2246 1568 2289 hausti
1587 2261 1674 2288 non

45 2329 116 2371 diu
143 2331 279 2374 latere
303 2338 530 2385 poterunt,
552 2329 587 2370 si
612 2326 733 2369 docti
751 2334 795 2370 et
815 2334 1021 2381 potentes
1039 2326 1086 2366 in
1105 2339 1240 2379 opere
1258 2338 1311 2366 ac
1337 2339 1544 2368 sermone
1565 2325 1676 2365 mul-

49 2406 80 2447 ti
101 2407 210 2450 fiant
232 2406 449 2449 ecclesiae
473 2404 680 2448 ministri.

132 2483 302 2538 Tertio,
330 2482 543 2538 quoniam
572 2482 659 2524 iarn
691 2480 838 2524 taedio
867 2479 1004 2521 afficit
1035 2480 1126 2522 fere
1150 2493 1308 2520 omnes
1337 2478 1471 2521 etiarn
1504 2490 1679 2518 nuncu-

48 2559 164 2614 patio
181 2561 381 2612 Lutheri,
403 2559 582 2610 Buceri,
597 2556 958 2612 Oecolampadii,
980 2564 1024 2598 et
1044 2555 1355 2598 Confessionis
1373 2562 1672 2609 augustanae3

49 2650 147 2678 narn
171 2636 404 2691 scripturis
427 2651 476 2679 se
499 2636 684 2679 credere
706 2635 947 2684 affirmant,
975 2648 998 2674 a
1022 2632 1215 2688 propriis
1237 2631 1466 2686 magistris
1489 2630 1586 2672 siue
1610 2644 1677 2671 se-

49 2711 307 2755 ductoribus
324 2713 604 2764 deficientes,
632 2719 811 2767 propter
834 2709 1182 2752 inconstantiam
1208 2716 1252 2751 et
1276 2722 1451 2751 errores
1473 2707 1548 2761 qui
1573 2721 1682 2761 quo-

53 2787 156 2832 tidie
176 2790 307 2832 editis
329 2790 452 2832 libris
481 2788 843 2832 manifestantur.
1551 2778 1553 2780 ’

137 2867 325 2920 Quarto,
353 2866 477 2909 iubet
507 2880 588 2908 nos
616 2867 733 2909 bene
763 2878 945 2920 sperare
979 2863 1220 2904 multitudo
1256 2860 1580 2903 catholicorum
1605 2859 1680 2915 qui

0 2941 2 2963 ³
52 2941 127 2995 per
151 2949 288 2985 totam
311 2943 621 2994 Germaniam,
646 2942 780 2984 etiam
815 2941 860 2983 in
890 2940 1002 2983 locis
1027 2939 1373 2985 haereticorum,
1400 2937 1592 2993 dispersi
1618 2939 1682 2979 ui-

1 3025 3 3055 1
57 3026 182 3073 uunt3
208 3029 251 3062 et
275 3021 434 3075 partim
459 3021 599 3062 uerbo
623 3033 675 3060 ac
699 3018 822 3060 libris
840 3018 988 3069 editis,
1012 3017 1171 3073 partim
1190 3030 1371 3070 quoque
1396 3014 1513 3057 vitae
1540 3015 1684 3069 probi-

195 3095 344 3124 I'OLANOE
364 3094 702 3123 COMPLEMENTA.—-T.
723 3094 765 3121 Π.
1500 3091 1533 3117 Π
