1891 3292
612 210 996 245 COMMENTAmoLA.
1005 231 1045 235 —
1055 210 1144 254 1566
1572 209 1641 244 663

148 324 221 368 25.
286 313 383 356 Sub
408 312 543 354 finem
568 310 738 365 Aprilis
761 311 950 365 collegia
975 311 1224 362 Sardiniae,
1251 310 1424 355 Sasseri
1450 318 1494 354 et
1523 311 1687 354 Callari

61 375 278 424 instituta,
302 386 418 426 quae
442 371 565 426 prius
589 384 798 412 romanae
821 371 1076 423 provinciae
1099 370 1308 412 adiuncta
1332 377 1475 421 erant,
1502 371 1685 426 Arago-

61 434 160 476 niae
182 447 206 473 a
233 433 283 474 P.
310 438 467 472 nostro
490 428 735 471 Francisco
761 429 1013 483 praeposito
1031 429 1230 481 generali
1249 429 1478 484 assignata
1496 437 1616 480 sunt,
1643 437 1687 471 vt

0 507 2 516 >
61 506 215 535 eorum
239 489 430 545 negocia
459 487 741 530 commodius
769 488 812 528 in
845 487 1119 543 hispaniensi
1154 488 1279 530 curia
1303 495 1617 539 tractarentur,
1644 496 1688 531 et

61 553 115 595 de
137 549 341 606 personis
366 562 481 604 quae
504 547 739 602 hispanico
763 547 974 589 idiomate
997 555 1242 599 vterentur,
1268 548 1427 588 melius
1450 547 1514 590 eis
1539 548 1686 602 proui-

61 612 255 653 deretur.
277 608 493 651 Visitator
511 607 645 649 etiam
670 607 715 647 in
739 606 990 649 Sardiniam
1010 606 1172 648 missus
1198 608 1247 649 P,
1272 606 1474 648 Victoria
1498 608 1687 648 multum

0 667 1 698 l
60 669 99 714 ei
121 667 332 710 contulit.

0 781 1 788 ἵ
148 728 218 770 26.
285 728 401 769 Cum
425 739 628 768 summus
652 723 854 780 pontifex
877 725 1074 767 Melitem
1095 732 1250 765 contra
1275 732 1424 765 turcas
1447 724 1530 765 tria
1553 723 1690 765 millia

62 787 249 831 militum
283 787 399 828 duce
434 784 649 840 Pompeio
678 784 886 826 Colonna
917 783 1134 825 missurus
1163 790 1305 834 esset,
1337 791 1381 826 et
1412 782 1604 836 aliquem
1634 797 1689 824 ex

61 845 222 895 nostris
241 846 316 900 qui
339 844 573 899 hospitalis
595 851 639 885 et
661 842 994 906 aegrotantium
1017 857 1168 885 curam
1195 843 1399 891 haberet,
1425 842 1539 882 mitti
1563 849 1687 896 opta-

60 913 125 950 ret
168 906 246 960 (vt
289 919 366 960 per
404 903 673 946 cardinalem
720 903 986 944 Columnam
1030 901 1337 956 significauit),
1378 901 1580 943 delectus
1622 907 1689 943 est

60 968 109 1009 P.
137 964 324 1008 Curtius
346 963 539 1006 Amodei
563 976 664 1004 cum
692 963 743 1004 P.
766 962 933 1003 Ioanne
956 962 1125 1003 Xauier
1149 969 1193 1003 et
1216 961 1395 1002 duobus
1417 959 1685 1001 coadiutori—

58 1026 158 1075 bus,
184 1031 229 1065 vt
252 1023 295 1064 in
320 1022 629 1078 spiritualibus
654 1020 814 1063 milites
832 1020 1056 1064 iuuarent.
1079 1021 1169 1063 Sed
1193 1028 1320 1061 turca
1342 1033 1434 1060 non
1459 1019 1685 1072 veniente,

59 1083 283 1140 expeditio
307 1089 400 1124 tota
421 1081 633 1125 cessauit.

147 1154 217 1196 27.
285 1144 443 1185 Mense
467 1143 601 1196 Mayo
625 1140 912 1194 impetratum
932 1146 999 1181 est
1023 1154 1046 1179 a
1070 1138 1281 1194 pontifice
1306 1145 1351 1179 vt
1374 1138 1529 1180 decem
1555 1136 1689 1178 millia

59 1203 341 1253 ducatorum,
364 1200 547 1243 nomine
565 1199 744 1255 collegii
763 1197 936 1240 romani
956 1199 1000 1239 in
1021 1206 1216 1240 montem
1244 1196 1599 1252 recuperationis
1623 1196 1686 1236 in-

59 1261 224 1304 uestire
247 1262 445 1316 daretur,
473 1267 516 1301 et
540 1260 595 1301 ad
625 1272 674 1302 Io
697 1273 840 1300 annos
863 1258 906 1298 id
930 1258 1170 1306 concessit,
1197 1265 1241 1298 et
1271 1271 1342 1297 res
1373 1256 1525 1298 statim
1556 1262 1686 1310 cepta

58 1328 127 1364 est
159 1319 417 1363 executioni
451 1319 669 1371 mandari;
701 1317 989 1373 significante
1026 1317 1242 1371 pontifice.
1275 1330 1322 1357 se
1352 1315 1465 1357 velle
1498 1314 1688 1368 decuplo

59 1381 184 1436 plura
208 1394 340 1435 posse
364 1378 585 1422 inuestiri.

148 1440 220 1482 28.
288 1440 404 1482 Cum
439 1452 643 1479 summus
684 1435 882 1491 pontifex
922 1435 966 1476 in
1005 1434 1204 1478 Scotiam
1246 1433 1443 1475 mitteret
1477 1432 1693 1474 nuncium

57 1498 370 1554 apostolicum,
403 1497 664 1553 episcopum
695 1495 865 1538 Montis
896 1494 1095 1549 Regalis,
1122 1493 1325 1535 adiunxit
1358 1492 1399 1535 ei
1432 1491 1619 1533 comites
1651 1498 1694 1532 et

57 1558 317 1601 auxiliarios
340 1558 570 1599 doctorem
591 1556 849 1598 Emundum
875 1556 1075 1608 Hayum,
1102 1560 1295 1602 scotum,
1317 1560 1535 1594 rectorem
1563 1550 1693 1592 colle-

57 1617 120 1672 gii
138 1618 280 1659 nostri
306 1616 578 1672 parisiensis,
599 1623 642 1658 et
656 1616 887 1657 doctorem
911 1615 1129 1655 Thomam
1163 1611 1460 1661 Darbisirum,
1488 1610 1693 1664 anglum,

57 1677 132 1732 qui
164 1678 430 1719 versabatur
470 1675 732 1730 Dilinguae;
769 1688 852 1716 nec
887 1674 996 1714 alios
1029 1671 1218 1726 adiungi
1251 1671 1291 1713 ei
1325 1670 1468 1711 voluit
1502 1683 1584 1710 suo
1617 1683 1693 1710 no-

57 1737 194 1780 mine.
878 1776 884 1782 ,

145 1808 216 1852 29.
285 1796 400 1838 Cum
424 1809 534 1837 suae
557 1793 810 1836 sanctitatis
833 1807 987 1848 opera,
1015 1791 1196 1845 quidam
1216 1789 1337 1831 Elias
1355 1795 1399 1830 et
1424 1787 1495 1829 alii
1519 1788 1574 1829 de
1599 1787 1695 1829 eius

56 1855 222 1897 familia
244 1868 299 1896 ex
322 1854 580 1896 hebraismo
604 1854 659 1896 ad
684 1851 757 1896 X.i
776 1853 908 1894 fidem
930 1850 1105 1895 reducti
1124 1856 1291 1899 essent,
1313 1861 1510 1901 moxque
1528 1860 1695 1900 magno

57 1915 151 1958 zelo
182 1915 300 1956 idem
334 1913 453 1956 Elias
483 1928 598 1968 quae
628 1913 684 1956 ad
722 1913 907 1954 domurn
942 1912 1376 1953 cathecumenorum
1417 1907 1694 1961 pertinerent

57 1975 175 2029 apud
199 1974 460 2028 pontificem
479 1981 674 2025 curaret,
697 1985 802 2014 cum
824 1970 1084 2027 praesertim
1106 1983 1241 2023 supra
1265 1981 1320 2021 30
1353 1967 1594 2020 judeorum
1617 1966 1691 2006 ba—

58 2033 248 2088 ptismus
278 2032 405 2074 breui
435 2040 555 2075 esset
585 2032 899 2084 celebrandus,
934 2030 1052 2071 misit
1083 2028 1285 2083 pontifex
1315 2027 1371 2067 ad
1403 2027 1583 2068 Patrem
1615 2038 1692 2066 no-

56 2101 196 2134 strum
222 2091 542 2146 praepositum,
568 2092 729 2133 domus
754 2092 1187 2134 cathecumenorum
1211 2100 1366 2128 curam
1391 2085 1431 2128 ei
1455 2098 1689 2127 commen-

56 2152 181 2203 dans;
204 2163 247 2195 et
267 2166 370 2194 cum
389 2151 667 2206 spiritualem
686 2150 1016 2193 institutionem
1038 2148 1276 2201 reciperet,
1298 2159 1322 2186 a
1343 2144 1577 2199 temporali
1596 2157 1692 2185 sus—

57 2210 267 2268 cipienda
296 2226 344 2254 se
372 2225 603 2253 excusans
633 2210 931 2265 praepositus,
964 2207 1172 2263 probauit
1197 2204 1399 2260 pontifex
1424 2203 1521 2246 eius
1545 2202 1692 2244 consi-

56 2270 180 2322 lium,
206 2279 250 2312 et
274 2270 334 2312 ita
358 2270 484 2311 initio
508 2269 605 2312 Iulii
634 2284 742 2312 cura
771 2270 869 2312 eius
897 2270 1062 2310 domus
1093 2272 1303 2319 suscepta
1327 2271 1412 2313 est,
1439 2271 1483 2305 et
1507 2262 1603 2304 eius
1627 2276 1692 2304 re-

58 2329 315 2372 formationi
336 2329 485 2371 vacari
507 2337 688 2384 ceptum
713 2337 797 2372 est.
1635 2324 1640 2336 ⁸

69 2445 71 2447 -
144 2402 217 2443 30.
283 2389 400 2431 Cum
434 2388 770 2431 cathechismus
809 2403 834 2430 a
873 2387 1063 2429 concilio
1110 2381 1311 2438 generali
1351 2381 1693 2422 commendatus

57 2462 232 2490 summo
256 2448 475 2503 pontifici,
504 2449 683 2491 tandem
713 2448 756 2489 in
787 2449 934 2490 lucem
965 2445 1169 2488 edendus
1199 2448 1333 2492 esset,
1365 2440 1591 2493 velletque
1620 2453 1691 2480 su-

56 2521 156 2549 mus
179 2507 383 2563 pontifex
406 2522 496 2549 non
520 2508 709 2549 latinum
734 2515 926 2558 tantum,
949 2506 1028 2549 sed
1053 2504 1186 2545 etiam
1211 2500 1441 2556 gallicum,
1469 2497 1689 2552 germani-

57 2579 172 2619 cum,
197 2579 242 2610 et
267 2568 523 2621 polonicum
548 2582 650 2610 eum
675 2566 856 2617 confici,
883 2568 1042 2608 harum
1074 2562 1207 2604 trium
1239 2560 1497 2614 linguarum
1544 2556 1691 2599 versio

59 2632 240 2669 nostrae
263 2626 481 2670 Societati
504 2626 746 2668 commissa
769 2633 852 2668 est.

146 2698 216 2739 31.
285 2687 400 2728 Cum
422 2686 638 2742 magister
657 2687 891 2728 Montesae
914 2699 936 2724 a
963 2697 1071 2735 rege
1090 2679 1315 2722 catholico
1335 2676 1557 2730 Philippo,
1578 2675 1689 2717 Ora-

58 2758 164 2786 num
188 2746 372 2788 Africae
396 2745 669 2801 praesidium
699 2758 940 2799 supremus
970 2743 1061 2783 dux
1095 2740 1366 2789 mitteretur,
1403 2751 1427 2777 a
1454 2737 1586 2777 Patre
1614 2747 1693 2774 no-

57 2811 147 2845 stro
171 2804 428 2860 praeposito
466 2805 669 2859 generali
695 2811 740 2846 et
765 2805 901 2846 fratre
940 2816 1037 2851 suo,
1067 2800 1182 2840 duos
1215 2797 1471 2839 sacerdotes
1509 2800 1554 2836 et
1583 2792 1689 2834 toti-

58 2862 157 2905 dem
180 2863 290 2905 alios
314 2863 605 2907 coadiutores
621 2879 678 2906 ex
702 2873 855 2904 nostra
879 2861 1107 2905 Societate
1140 2856 1349 2912 precibus
1382 2852 1594 2902 obtinuit,
1617 2851 1692 2905 qui

59 2921 218 2973 eidem,
244 2930 289 2966 et
314 2923 396 2964 toti
419 2923 644 2978 praesidio
667 2922 877 2971 militurn,
903 2927 947 2962 et
971 2916 1143 2961 ciuitati
1167 2916 1211 2957 in
1235 2913 1544 2971 spiritualibus
1567 2925 1691 2966 prae-

59 2987 128 3022 sto
155 2990 323 3032 essent;
359 2990 403 3025 et
435 2985 485 3025 P.
520 2982 789 3025 Domenech
829 2981 1195 3033 Cesaraugustae
1226 2981 1373 3018 rector
1408 2972 1689 3026 designatus,

59 3039 331 3095 reliquorum
353 3050 491 3097 caput
513 3054 758 3084 concessus
781 3046 864 3082 est.
