1891 3292
633 182 1165 226 COMMENTARroLA.-—1567
1593 182 1662 227 679

80 286 277 341 Baptista
295 285 351 328 de
368 286 561 339 Segura,
582 292 729 326 rector
747 284 924 338 collegii
945 284 1209 336 Vallisoleti,
1231 285 1286 325 ad
1311 283 1564 327 missionem
1590 283 1709 325 illam

80 346 161 389 fuit
182 344 449 387 destinatus.

163 416 236 458 47.
303 401 549 445 Constituit
567 402 698 443 etiam
720 403 803 442 sub
828 403 943 444 idem
964 409 1141 456 tempus
1165 417 1241 444 rex
1265 402 1498 456 Philippus
1518 409 1564 442 vt
1583 416 1708 455 prae-

79 473 143 507 ter
165 477 242 506 eos
265 463 341 516 qui
366 461 536 503 Indiam
563 463 682 503 Peru
706 461 912 502 mittendi
938 469 1082 511 erant,
1109 469 1152 502 et
1177 461 1358 514 quidem
1383 461 1426 502 in
1451 461 1597 502 varias
1616 461 1713 503 eius

79 530 242 579 partes,
269 521 341 563 alii
364 521 409 562 in
435 522 590 562 Nouae
617 520 862 574 Hispaniae
886 520 1095 574 regiones
1119 520 1418 570 mitterentur,
1446 534 1557 573 quas
1581 520 1709 561 Hon-

78 584 212 625 duras
235 588 414 632 vocant,
442 580 560 621 vnde
585 579 628 619 in
655 580 862 633 Iaponem
888 592 942 631 40
968 579 1140 620 dierum
1168 587 1340 620 tantum
1373 579 1713 633 nauigationem

78 656 174 684 esse
197 641 413 694 reliquam
436 647 718 692 compertum
744 646 827 688 est,
844 653 955 679 *cum
982 639 1105 679 iuxta
1131 638 1466 693 nauigationem
1499 638 1712 679 lusitano-

80 715 174 742 rum
199 699 273 740 vix
296 699 476 740 duobus
499 697 628 738 annis
651 711 704 738 eo
734 697 957 751 perueniri
983 698 1142 739 soleat.

167 759 239 811 48.
306 759 463 800 Mense
487 757 614 806 Iulio,
641 771 666 798 a
696 757 910 810 pontifice
940 770 1117 796 summo
1146 758 1276 798 Pater
1306 755 1485 809 quidam
1517 764 1529 779 ⁵
1552 755 1607 797 de
1630 755 1713 798 So-

80 818 242 861 cietate
272 816 546 859 Florentiam
572 816 626 857 ad
650 816 841 879 negocia
865 830 953 856 non
980 815 1091 856 leuis
1115 815 1331 856 momenti
1357 815 1589 856 tractanda
1613 827 1715 855 cum

79 878 194 919 duce
217 886 261 919 et
285 876 487 931 principe
511 888 562 916 ac
585 874 803 916 cardinali
827 874 1003 925 missus,
1028 889 1079 914 ea
1103 889 1155 915 ex
1180 874 1405 915 sententia
1434 872 1649 923 confecit:
1673 880 1717 914 et

79 936 242 980 deinde
270 935 579 984 florentinum,
614 948 824 986 senense,
851 947 902 974 ac
932 932 1193 987 perusinum
1224 933 1465 986 collegium
1498 931 1714 973 visitauit.

168 1007 241 1051 49.
315 997 361 1037 Ρ.
396 994 588 1049 Egidius
621 993 853 1035 Gonzalez
876 1000 1022 1032 rector
1046 991 1224 1046 collegii
1253 992 1591 1046 complutensis,
1616 990 1717 1031 visi-

82 1061 198 1097 tator
233 1054 492 1108 prouinciae
523 1052 783 1107 Aragoniae
812 1051 1060 1102 institutus,
1092 1051 1220 1091 Iunio
1250 1065 1405 1092 mense
1435 1065 1525 1094 rem
1557 1063 1719 1103 aggre-

80 1129 172 1168 sus,
211 1113 431 1155 foeliciter
460 1127 557 1155 eam
590 1118 861 1166 prosecutus
889 1119 973 1153 est.
1006 1110 1185 1152 Interim
1216 1117 1366 1150 autern
1398 1111 1449 1152 P.
1484 1109 1719 1151 Bartholo-

81 1187 234 1216 maeus
265 1174 559 1215 Bustamante
585 1172 827 1213 toletanam
851 1169 1150 1211 visitationem
1177 1172 1434 1223 (postquam
1466 1169 1509 1209 in
1537 1167 1720 1210 Baetica

80 1248 134 1276 eo
169 1232 320 1274 officio
356 1232 538 1273 functus
574 1233 660 1283 est)
695 1230 830 1271 etiarn
864 1228 1238 1284 prosequebatur.
1277 1229 1328 1270 Ρ.
1364 1235 1514 1269 autem
1546 1227 1721 1269 Natalis

81 1304 179 1347 post
209 1291 466 1345 Superioris
495 1290 784 1339 Germaniae,
811 1296 855 1331 et
888 1289 1118 1337 Austriae,
1145 1296 1189 1328 et
1220 1286 1366 1328 Rheni
1396 1286 1716 1336 visitationem,

81 1352 126 1393 in
159 1351 419 1394 Inferiorem
453 1349 742 1393 Germaniam
775 1348 964 1397 transiit,
997 1348 1100 1388 inde
1129 1347 1173 1387 in
1204 1346 1439 1388 Franciam
1464 1353 1508 1388 et
1532 1345 1719 1399 Aquita-

82 1411 198 1452 niam
224 1411 279 1452 ad
304 1410 421 1451 idern
447 1409 719 1450 visitationis
742 1407 942 1449 officium
970 1420 1308 1460 pmgressurus.

172 1480 242 1523 50.
310 1468 565 1524 Septembri
600 1482 757 1510 mense
790 1481 946 1508 sumus
981 1466 1180 1520 pontifex
1219 1463 1448 1506 concessit
1481 1471 1528 1504 vt
1571 1463 1633 1504 illi
1667 1476 1722 1504 ex

82 1529 252 1571 nostris
275 1529 350 1582 qui
374 1529 418 1569 in
445 1527 637 1582 collegio
660 1541 845 1569 romano
867 1540 955 1566 non
979 1525 1274 1573 studuissent,
1302 1524 1381 1566 sed
1405 1522 1526 1570 alibi,
1546 1535 1720 1577 promo-

85 1588 177 1630 ueri
204 1597 351 1631 tamen
377 1588 421 1629 in
449 1602 502 1630 eo
526 1588 580 1628 ad
604 1587 775 1641 gradus
800 1593 999 1640 possent;
1026 1594 1069 1625 et
1094 1584 1153 1625 ita
1180 1586 1229 1625 P.
1259 1582 1467 1625 Ramirus
1490 1589 1534 1624 et
1560 1583 1612 1624 Ρ.
1639 1581 1721 1623 Su-

82 1647 234 1689 rianus
257 1648 301 1689 in
325 1648 533 1689 doctores
558 1646 813 1700 theologiae
837 1644 1027 1699 promoti
1052 1651 1173 1685 sunt.

172 1717 242 1760 51.
315 1708 455 1749 Paulo
480 1714 579 1760 post
598 1706 799 1761 pontifex
823 1703 1048 1746 concessit
1072 1703 1250 1745 easdem
1278 1701 1518 1742 facultates
1547 1713 1626 1754 pro
1650 1713 1721 1740 re-

83 1765 215 1820 liquis
246 1767 368 1821 regis
394 1765 557 1820 Philipi
582 1764 892 1806 transmarinis
927 1762 1189 1818 regionibus
1212 1760 1399 1815 (scilicet
1430 1761 1567 1809 Peru,
1600 1759 1726 1800 Hon-

83 1826 218 1867 duras
252 1827 360 1879 etc.)
386 1840 498 1879 quas
528 1839 607 1880 pro
630 1824 810 1866 Florida
835 1830 1137 1872 concesserat;
1164 1828 1205 1863 et
1237 1827 1326 1861 tam
1351 1819 1395 1860 in
1422 1819 1493 1859 his
1521 1832 1653 1871 quarn
1679 1817 1724 1858 in

83 1884 179 1926 aliis
213 1885 269 1926 ad
306 1899 460 1940 regem
498 1883 805 1939 Portugalliae
835 1881 1164 1938 pertinentibus
1201 1877 1448 1934 prouinciis
1485 1877 1723 1929 lndiarum,

84 1944 300 1986 iubileum
327 1953 487 1998 quater
512 1944 705 1998 singulis
729 1942 857 1985 annis
881 1956 958 1996 per
982 1939 1219 1983 decenium
1244 1937 1481 1980 concessit.

175 2013 246 2057 52.
315 2004 402 2047 Die
432 2002 772 2058 Assumptionis
805 2003 852 2044 B.
886 2000 1090 2055 Virginis
1119 1998 1378 2053 collegiales
1407 1995 1549 2039 Vallis
1574 1995 1725 2038 Oleta-

85 2077 168 2105 nae
189 2064 245 2104 ad
269 2077 440 2104 nouum
465 2063 706 2118 collegium
735 2060 942 2117 pransuri
965 2060 1335 2113 commigrarunt,
1361 2063 1406 2097 et
1429 2062 1628 2098 veterem
1651 2055 1726 2095 do-

87 2137 205 2163 mum
239 2123 291 2166 S.
330 2122 521 2165 Antonii
552 2122 765 2176 professis
798 2121 1092 2174 reliquerunt,
1120 2131 1235 2172 quae
1266 2132 1321 2159 ex
1349 2129 1402 2158 eo
1425 2114 1497 2156 die
1526 2114 1727 2169 professa

87 2182 247 2223 domus
270 2196 370 2225 esse
393 2181 556 2235 coepit.

177 2251 248 2295 53.
317 2241 507 2284 Octobri
536 2254 692 2284 mense
717 2241 769 2281 Ρ.
797 2237 1011 2281 X.⁰forus
1045 2237 1316 2290 Rodriguez,
1342 2231 1632 2289 prouincialis
1657 2246 1724 2273 ro-

88 2314 265 2352 manus,
302 2301 465 2342 missus
499 2307 566 2343 est
600 2315 624 2341 a
653 2313 784 2340 sumo
818 2297 1033 2353 pontifice
1067 2297 1122 2337 ad
1155 2296 1304 2350 plures
1337 2293 1641 2348 episcopatus,
1679 2299 1727 2332 vt

86 2367 262 2414 praeter
287 2359 477 2403 xfianam
501 2359 751 2401 doctrinam
777 2357 870 2414 (oui
892 2371 995 2399 cum
1020 2355 1152 2397 sociis
1175 2353 1496 2403 incumberet),
1523 2351 1724 2405 explora-

88 2426 156 2460 ret
178 2433 270 2472 quo
294 2420 427 2460 modo
451 2433 498 2461 se
522 2418 673 2460 omnia
695 2418 930 2467 haberent,
957 2424 1042 2457 etc,

178 2489 249 2531 54.
318 2478 574 2533 Septembri
606 2491 759 2519 mense
792 2475 939 2518 variae
963 2473 1198 2515 missiones
1230 2478 1487 2513 nostrorum
1518 2469 1573 2509 ab
1604 2467 1727 2510 Vrbe

89 2537 236 2580 factae
265 2545 389 2587 sunt,
425 2539 504 2580 sed
528 2536 720 2580 Viterbii
748 2550 851 2578 curn
881 2532 1100 2589 singulari
1133 2534 1282 2573 fructu
1312 2531 1402 2571 duo
1427 2543 1482 2571 ex
1511 2527 1598 2568 illis
1620 2533 1728 2568 sunt

90 2605 272 2638 versati.
1103 2624 1116 2628 s

180 2666 251 2709 55.
320 2657 421 2698 Hoc
452 2663 653 2709 tempore
682 2653 917 2708 Neapolim
942 2651 1065 2693 missi
1089 2657 1194 2691 sunt
1218 2648 1307 2690 duo
1330 2647 1538 2688 doctores
1558 2644 1728 2686 theolo-

91 2713 154 2768 gi:
180 2715 256 2757 n.⁰
282 2726 336 2769 50
360 2714 594 2766 nominati,
622 2714 696 2769 qui
716 2711 992 2766 theologiam
1012 2710 1054 2751 in
1080 2707 1271 2762 collegio
1288 2714 1441 2748 nostro
1461 2704 1727 2759 profiteren-

94 2780 181 2827 tur,
208 2783 253 2816 et
277 2775 338 2816 ita
357 2775 558 2816 studium
584 2774 766 2829 plenum
791 2772 957 2814 ibidem
981 2776 1162 2823 ceptum
1188 2774 1271 2809 est.

181 2833 252 2887 56.
321 2835 369 2875 In
393 2833 590 2877 Siciliam
615 2832 744 2874 initio
774 2830 959 2874 aestatis
989 2827 1195 2870 visitator
1219 2824 1470 2867 destinatus
1495 2829 1563 2866 est
1593 2823 1645 2864 P.
1667 2822 1724 2864 D.

93 2891 280 2935 Ioannes
303 2893 359 2935 de
386 2895 625 2947 Montoya,
653 2899 800 2933 rector
818 2888 998 2943 collegii
1018 2885 1197 2937 Nolani;
1220 2891 1264 2927 et
1286 2898 1339 2927 ea
1363 2895 1574 2938 prospere
1597 2882 1729 2923 abso-

162 3033 175 3050 ⁵
224 3025 333 3059 Inter
351 3023 492 3065 lineas,
514 3023 598 3057 alia
619 3033 761 3058 manu:
781 3020 804 3055 i.
826 3031 878 3062 e.‚
899 3019 1104 3053 Polancus.
