1891 3292
583 154 1114 214 COMMENTAmoLA.—1565
1540 185 1609 230 043

18 252 22 325 l
704 291 832 322 ANNo
873 285 979 338 1565

18 402 21 409 ,
119 369 154 399 1.
222 356 306 399 Die
340 370 391 411 14
422 360 615 403 Ianuarii
649 364 806 408 doctor
837 370 1049 417 X.⁰forus

0 437 5 454 1
32 415 310 472 prouincialis
335 418 562 463 Thusciae
586 421 733 465 factus
756 435 838 477 est,
866 432 920 471 ad
946 434 1032 475 hoc
1057 435 1083 490 i}

0 487 3 512 τ
29 482 164 517 catus.
193 474 277 517 Die
300 490 409 518 vero
437 478 488 520 16
510 479 712 524 eiusdem
737 489 919 541 mensis,
951 492 998 534 Ρ.
1027 494 1258 542 Oliuerius
1276 504 1516 549 Manareus
1535 524 1654 552 com·-

0 550 5 585 ῑ
30 532 251 576 missarius
273 533 317 576 in
342 535 505 588 Gallia,
533 539 680 582 factus
702 551 770 584 est
793 551 1074 603 praepositus
1104 559 1393 609 prouincialis
1416 566 1650 622 Franciae,

0 602 5 640 ι
28 601 68 635 et
90 599 239 635 tamen
263 594 410 636 adhuc
434 597 727 642 confirmatus
751 611 818 644 est
842 607 1113 660 Aquitaniae
1137 620 1482 667 commissarius,

0 673 2 706 3
112 663 151 694 2.
219 652 303 696 Die
327 665 378 709 19
396 655 587 697 Ianuarii
611 660 660 700 P.
683 668 838 704 noster
856 666 1043 711 Iacobus
1061 672 1254 729 Laynez,
1278 683 1558 736 praepositus
1576 700 1652 739 ge-

0 711 4 757 ss·
29 710 201 764 neralis,
225 725 280 753 ex
304 713 457 767 primis
480 716 614 758 sociis
639 718 687 761 P.
717 720 894 775 Ignatii,
922 727 986 768 vir
1010 729 1249 785 singularis
1273 737 1316 779 in
1349 741 1491 783 Deum
1517 744 1652 798 pieta-

0 775 4 814 ἰ
30 770 94 820 tiS,
119 777 161 812 et
185 770 405 825 doctrina,
427 772 635 828 ingenio,
661 784 706 819 et
729 782 938 826 omnibus
962 787 1175 833 virtutum
1207 800 1480 842 ornamentis
1504 804 1649 846 claris-

0 829 177 880 f‘simus‚
203 829 321 872 diem
345 831 457 873 obiit
478 841 748 888 extremum,
780 839 851 888 2.²²
876 843 987 886 hora
1012 850 1177 903 noctis,
1204 856 1412 900 omnibus
1436 862 1651 905 ecclesiae

0 857 330 942 llSacl‘amssntiS,
354 897 399 933 et
423 892 627 945 PlUsimis
655 896 895 942 Societatis
924 918 975 945 ac
1003 907 1096 948 suis
1127 913 1407 959 orationibus
1430 920 1648 976 munitus,

0 942 152 1037 ijvitam
177 956 334 992 sancte
358 951 612 994 traductam
636 964 795 999 sancto
820 959 909 1003 fine
932 967 1220 1012 concludens·

0 1022 13 1060 'a
109 1018 150 1059 3.
217 1007 302 1051 Die
336 1020 390 1050 20
422 1010 634 1064 Ianuarii,
667 1017 878 1060 omnibus
913 1025 1122 1075 professis
1152 1030 1225 1082 qui
1257 1032 1424 1077 Romae
1453 1036 1528 1079 fue

0 1061 146 1119 ''iuxta
169 1066 521 1112 constitutiones
543 1079 720 1116 nostras
748 1083 1061 1135 congregatiS,
1088 1087 1258 1131 electus
1279 1099 1346 1133 est
1369 1093 1412 1134 in
1434 1095 1532 1137 vica

26 1125 274 1178 generalem
304 1128 353 1168 P.
382 1128 652 1173 Franciscus
674 1134 729 1176 de
755 1136 902 1191 Borja.

0 1204 1 1208 =
107 1195 149 1236 4.
215 1185 300 1227 Die
330 1197 381 1229 21
415 1187 618 1232 eiusdem
654 1195 821 1237 mensis
846 1196 1046 1241 indictus
1068 1212 1136 1244 est
1158 1207 1213 1246 ab
1237 1209 1392 1251 eodem
1424 1215 1649 1266 generalis

0 1250 274 1286 ficonuentus
307 1245 566 1300 Societatis,
603 1258 648 1293 et
681 1254 1033 1306 prouincialibus
1066 1272 1134 1303 est
1164 1264 1413 1310 iniunctum
1447 1275 1648 1325 (quando

0 1317 3 1319 >
27 1301 107 1342 iam
131 1303 495 1348 comissariorum
526 1309 673 1352 officia
701 1320 745 1354 et
773 1317 1019 1360 auctoritas
1048 1334 1149 1363 cum
1174 1325 1399 1369 demortui
1428 1333 1653 1384 generalis

24 1360 108 1403 vita
131 1362 465 1418 expirauerant)
487 1374 534 1408 vt
556 1367 672 1411 intra
697 1372 896 1428 quinque
925 1391 1102 1421 menses
1127 1383 1311 1426 Romam
1336 1390 1649 1446 conuenirent,

4 1422 66 1501 ‘et
87 1419 220 1462 citius
243 1422 376 1465 etiam
402 1424 438 1466 si
462 1429 650 1470 comode
673 1429 716 1471 id
740 1442 942 1486 possent.

4 1504 7 1529 ξ
107 1489 147 1532 5.
214 1481 298 1524 Die
323 1483 378 1524 26
400 1484 602 1529 eiusdem
626 1491 795 1533 mensis
821 1494 870 1535 P.
898 1495 1087 1539 Ioannes
1108 1500 1308 1554 Baptista
1336 1507 1578 1557 Peruscus,
1601 1523 1651 1550 ac

2 1535 208 1594 {loannes
233 1541 438 1596 Baptista
462 1545 617 1600 Righi,
643 1548 817 1592 scilicet
841 1553 959 1606 prior
983 1563 1029 1597 vt
1053 1567 1220 1611 rector,
1247 1567 1358 1606 alter
1380 1573 1424 1605 vt
1450 1566 1650 1609 minister

0 1596 259 1659 {seminarii,
285 1614 387 1643 curn
413 1603 510 1645 aliis
528 1606 712 1649 domum
736 1623 868 1663 quam
889 1614 1171 1659 habitauerat
1194 1622 1432 1665 cardinalis
1454 1626 1509 1668 de
1534 1626 1649 1669 Car-

1 1661 76 1710 lpo
96 1656 305 1711 ingressi,
331 1663 629 1716 supellectilia
654 1676 872 1712 venturae
896 1672 1120 1717 iuuentuti
1145 1693 1301 1732 parare
1324 1693 1560 1737 ceperunt.

1 1704 7 1750 l
105 1716 150 1758 6.
223 1717 444 1774 Sequenti
467 1723 538 1766 die
561 1738 663 1768 cum
688 1736 892 1772 extremo
910 1734 1129 1787 supplicio
1148 1739 1433 1783 afficerentur
1452 1744 1528 1797 qui
1547 1758 1650 1786 con—

0 1754 276 1826 {iurauerant
299 1779 343 1821 in
369 1782 595 1834 pontificis
620 1795 826 1839 mortem,
854 1790 957 1833 viua
983 1807 1091 1836 voce
1117 1798 1315 1849 pontifex
1340 1803 1505 1843 nostris
1529 1804 1651 1845 dedit

0 1831 328 1885 §auctoritatem
351 1853 428 1881 eos
452 1840 495 1882 in
519 1849 833 1889 sacramentali
858 1852 1142 1896 confessione
1166 1857 1448 1911 absoluendi,
1470 1863 1587 1915 quod
1607 1872 1650 1905 et

0 1887 233 1947 lsecerunt;
258 1904 303 1938 et
331 1899 437 1941 dum
463 1901 578 1945 bene
608 1904 811 1959 dispositi
837 1910 1106 1966 moriuntur,
1134 1917 1298 1959 nostris
1321 1921 1574 1963 astantibus
1597 1937 1647 1964 ac

0 1946 292 2008 {iuuantibus
317 1958 619 2003 aedificationi
643 1968 956 2019 spectantibus
976 1971 1174 2018 fuerunt.

0 2009 3 2021 ³
105 2023 129 2065 7
212 2014 296 2058 Die
335 2029 385 2059 10
419 2019 652 2064 Februarii
687 2024 858 2068 litteras
896 2031 1155 2084 accepimus
1185 2036 1240 2075 ab
1273 2037 1484 2093 episcopo
1517 2040 1647 2082 Com-

0 2024 253 2126 lmendono,
274 2076 443 2119 nuncio
463 2081 730 2134 apostolico,
754 2097 802 2127 12
823 2087 1013 2130 Ianuarii
1033 2092 1176 2146 datas,
1199 2096 1319 2147 quod
1337 2099 1649 2142 serenissimus

0 2115 94 2172 ¹rex
119 2133 347 2185 Poloniae,
372 2137 449 2190 qui
474 2139 598 2193 prius
622 2156 713 2184 non
741 2145 856 2187 bene
880 2149 1103 2191 sentiebat
1127 2153 1183 2193 de
1207 2155 1341 2196 rebus
1366 2165 1544 2201 nostrae
1568 2160 1645 2202 So—

21 2188 204 2242 cietatis,
231 2194 572 2241 oblocutoribus
598 2201 710 2244 forte
733 2205 834 2258 plus
857 2206 965 2248 satis
990 2208 1123 2252 fidem
1149 2213 1333 2267 habens,
1358 2217 1538 2259 tandem
1559 2233 1645 2259 non

21 2249 159 2291 solum
184 2252 337 2296 fauere
358 2254 579 2311 inciperet
603 2261 754 2306 nobis,
782 2265 860 2305 sed
884 2268 1095 2321 amplecti
1118 2271 1414 2327 Societatem,
1440 2285 1483 2317 et
1507 2276 1550 2317 in
1576 2292 1646 2318 va-

22 2306 91 2349 riis
112 2323 295 2353 suorum
320 2328 566 2369 regnorum
591 2319 701 2362 locis
723 2323 915 2378 collegia
946 2325 1181 2370 instituere
1204 2332 1495 2376 decreuisset.
1525 2337 1579 2377 Et
1602 2338 1644 2377 in

23 2366 168 2419 primis
192 2371 354 2415 Vilnae
375 2374 510 2429 (quae
534 2387 672 2432 caput
695 2388 763 2423 est
790 2382 1080 2438 Lithuaniae)
1105 2390 1346 2444 collegium
1373 2394 1574 2446 plenum,
1600 2395 1643 2436 in

0 2432 2 2512 J
21 2438 105 2479 quo
126 2430 376 2474 studiorum
394 2443 513 2477 esset
536 2437 823 2492 VniuersitaS,
855 2443 950 2485 suis
977 2448 1186 2501 expensis
1209 2450 1398 2503 erigere,
1426 2453 1644 2495 aedificiis

0 2491 59 2529 ¹et
86 2488 332 2532 redditibus
362 2493 619 2549 assignatis,
648 2499 842 2555 volebat,
870 2510 914 2544 et
943 2518 1074 2546 suum
1106 2508 1233 2549 nobis
1262 2510 1532 2554 desiderium
1566 2527 1644 2567 per

0 2536 161 2587 lnuncii
185 2547 355 2591 litteras
377 2555 557 2607 exponi.
586 2556 702 2599 Cum
726 2569 876 2602 autem
899 2576 1104 2605 summus
1129 2567 1328 2619 pontifex
1354 2570 1449 2624 regi
1468 2571 1640 2613 satisfa-

18 2601 220 2648 ciendum
244 2619 468 2663 censeret,
498 2626 710 2671 suscepta
737 2627 806 2660 est
839 2623 1090 2674 prouincia3
1123 2634 1166 2665 et
1197 2626 1231 2666 si
1263 2641 1333 2668 res
1358 2631 1637 2673 necessariae

18 2662 96 2704 hoc
118 2678 222 2709 vere
246 2681 582 2728 praeparentur,
611 2689 768 2719 versus
786 2688 1054 2723 autumnum
1075 2685 1317 2739 collegium
1342 2701 1441 2730 esse
1463 2690 1638 2731 mitten-

20 2720 121 2763 dum
147 2726 413 2780 recepimus.

102 2782 141 2825 8.
208 2786 304 2828 Sub
334 2787 469 2830 finem
500 2793 897 2848 quadragesimae,
930 2813 1031 2840 cum
1063 2816 1116 2842 ex
1149 2803 1268 2843 Vrbe
1302 2806 1554 2859 complures
1587 2823 1640 2850 ex

20 2841 176 2885 nostris
195 2844 318 2886 missi
335 2847 425 2889 sint
447 2850 710 2907 [Arne]riam
731 2853 764 2908 d,
788 2858 1031 2908 Otricolos‚
1053 2860 1107 2900 ad
1127 2861 1173 2903 S.
1197 2862 1422 2915 Orestem,
1437 2866 1638 2908 Thuscu·

1086 379 1340 437 Rodriguez
1375 392 1654 444 praepositus

1084 452 1200 480 )sum
1226 456 1280 484 ex
1305 446 1501 501 Appulia
1526 465 1651 493 reuo-

1534 1046 1648 1091 rant,

1538 1097 1649 1139 rium

82 2937 100 2962 d
151 2938 262 2980 Quae
278 2942 435 2975 uncinis
451 2943 514 2977 hic
531 2948 567 2978 et
586 2947 703 2991 z'njra
722 2960 799 2982 non
817 2950 933 2984 semel
951 2951 1188 2995 claudimus,
1209 2956 1445 3001 conjicimus
1463 2972 1509 2994 ex
1533 2973 1636 2996 sum-

19 2982 87 3016 mis
104 2986 281 3028 apicibus
298 2991 334 3021 et
360 3000 406 3022 ex
424 2994 620 3034 contextu,
642 3006 737 3029 nam
758 2998 896 3030 charta
917 2999 1063 3032 detrita
1085 3005 1150 3035 est.
