1891 3292
287 210 354 244 292
792 200 978 235 POLANcr
1007 209 1322 235 COMPLEMENTA

240 309 406 344 metere
440 301 569 342 nobis
602 300 844 353 aliquando
878 300 1023 351 liceat,
1059 302 1178 354 quod
1212 315 1267 343 ex
1298 301 1446 342 animo
1479 301 1798 356 desideramus,
1821 315 1860 348 et

238 380 331 419 fore
356 391 444 418 non
469 376 712 418 diffidimus
737 373 960 420 residente
984 377 1054 418 hic
1078 391 1199 418 nouo
1218 391 1341 432 rege;
1363 377 1556 420 maxime
1574 391 1674 419 cum
1700 381 1860 433 praeci—

239 455 313 508 pui
338 453 612 496 hussitarum
637 453 894 496 sacerdotes
917 454 1100 496 dextras
1130 453 1266 508 pacis,
1296 453 1375 496 sed
1404 468 1428 495 a
1457 454 1594 509 longe
1621 461 1665 496 et
1694 466 1861 499 secreto

240 534 443 585 (propter
466 537 636 572 metum
660 530 943 573 dominorum
963 531 1257 584 quorumdam
1281 530 1591 584 temporalium
1614 539 1658 573 et
1683 532 1858 588 populi),

242 606 370 648 nobis
400 606 649 661 porrigant.
683 608 886 648 Fuerunt
916 607 1048 649 etiam
1080 609 1166 648 hoc
1196 606 1294 661 ipso
1325 614 1522 660 tempore
1552 607 1679 648 multi
1709 622 1762 650 ex
1789 624 1860 652 no-

239 684 343 725 stris
375 683 552 726 euocati
582 684 638 725 ad
666 683 812 725 varias
840 684 1121 725 diuersorum
1155 684 1375 724 baronum
1409 682 1616 725 ciuitates
1648 692 1691 725 et
1724 699 1858 741 arces,

239 774 327 801 non
352 760 448 802 sine
472 774 637 815 magno
660 760 877 815 spirituali
897 760 1143 803 animarum
1164 761 1329 808 fructu;
1352 759 1559 813 quamuis
1577 761 1784 803 omnibus
1801 763 1859 805 lo-

239 836 302 878 cis
325 845 368 879 et
391 836 637 879 baronibus
660 839 745 878 hoc
771 845 970 891 tempore
994 851 1083 878 non
1110 836 1388 891 potuerimus
1406 836 1665 879 satisfacere
1689 845 1861 892 propter

239 913 546 968 operariorum
571 912 824 967 penuriam,
850 913 1120 954 satisfacturi
1148 921 1294 954 tamen
1316 926 1448 966 quarn
1470 912 1678 967 primum,
1700 921 1860 957 transa-

241 990 325 1031 ctis
348 989 491 1041 festis,
523 990 758 1031 commode
788 989 883 1030 fieri
911 988 1088 1043 poterit.
1122 988 1293 1030 Idcirco
1328 996 1426 1043 post
1455 989 1550 1031 dies
1574 1003 1740 1043 paucos
1768 991 1861 1033 mit-

241 1065 364 1108 tendi
388 1073 521 1108 erunt
544 1066 633 1107 duo
657 1065 733 1119 qui
756 1065 1039 1107 catechizent
1056 1072 1117 1117 et,
1139 1065 1385 1108 auxiliante
1403 1065 1572 1107 Christi
1589 1065 1766 1121 spiritu,
1792 1082 1862 1122 per

242 1142 561 1197 poenitentiam
586 1143 642 1183 ad
659 1142 878 1184 ecclesiae
901 1141 1116 1183 vnitatem
1136 1143 1353 1184 reducant
1371 1143 1486 1183 duos
1503 1141 1705 1196 insignes
1722 1143 1860 1186 cuius-

241 1219 341 1260 dam
367 1219 547 1260 baronis
572 1233 728 1273 pagos,
755 1219 798 1260 in
824 1219 988 1272 quibus
1006 1232 1110 1260 vere
1130 1218 1310 1273 pagani,
1333 1218 1502 1260 scilicet
1522 1219 1725 1261 infideles
1748 1226 1791 1262 et
1811 1221 1861 1263 ab

243 1294 363 1337 omni
393 1295 611 1350 religione
642 1309 824 1349 prorsus
854 1295 1002 1345 alieni,
1044 1295 1195 1336 multis
1233 1295 1363 1336 annis
1401 1295 1597 1346 fuerunt,
1633 1296 1710 1337 sed
1749 1310 1861 1338 nunc

242 1371 383 1426 ipsius
407 1371 586 1414 Domini
606 1371 773 1426 pietate
796 1386 873 1427 per
894 1380 1075 1414 nostros
1102 1371 1311 1422 excitata,
1342 1372 1553 1413 videntur
1586 1386 1639 1415 eo
1667 1372 1859 1429 adducti,

241 1455 288 1489 vt
311 1448 568 1491 desiderent
590 1456 634 1490 et
657 1448 810 1490 sitiant
829 1450 966 1492 verba
984 1448 1158 1490 salutis.
1179 1448 1246 1491 Sit
1267 1448 1533 1491 benedictus
1550 1449 1774 1491 Dominus
1791 1451 1858 1504 qui

242 1524 392 1578 plures
415 1525 526 1566 alios
556 1525 804 1566 illuminare
833 1534 876 1567 et
908 1526 990 1566 hos
1024 1525 1291 1567 confirmare
1321 1525 1549 1579 dignetur,
1576 1533 1619 1568 et
1650 1527 1701 1568 R.
1732 1528 1781 1569 P.
1807 1527 1857 1570 V.

241 1615 375 1654 quam
398 1601 651 1644 diutissime
673 1616 941 1644 conservare
964 1602 1233 1643 incolumem
1257 1603 1312 1643 ad
1338 1601 1546 1644 maiorem
1583 1602 1651 1644 sui
1676 1602 1860 1653 nominis
1890 1642 1891 1659 2

239 1677 445 1731 gloriam.
469 1677 594 1719 Alias
618 1679 759 1732 plura.
791 1679 963 1731 Pragae
987 1692 1010 1719 e
1035 1691 1244 1720 caesareo
1268 1678 1508 1721 Societatis
1533 1679 1630 1721 Iesu
1660 1678 1857 1733 collegio,
1889 1695 1891 1721 1

244 1755 296 1795 28
323 1754 470 1796 Martii
502 1765 627 1808 1573.

333 1832 384 1873 R.
413 1831 462 1873 P.
486 1832 548 1874 ·V.
574 1831 693 1872 filius
716 1831 1072 1885 indignissimus,

1014 1910 1267 1952 HENRICUS
1312 1911 1630 1952 BLYSSEMIUS.

332 1986 588 2039 Inscriptio.
633 1985 659 2040 †
700 1986 961 2027 Admodum
1004 1986 1115 2027 Rdo.
1149 1985 1193 2026 in
1224 1986 1362 2029 Chro.
1400 1985 1518 2028 Patri
1544 1987 1606 2029 M.
1640 1985 1790 2027 Ioanni
1811 1985 1887 2027 de?

245 2062 455 2112 Polanco,
477 2061 716 2104 Societatis
740 2063 840 2104 Iesu
865 2062 1031 2103 vicario
1055 2062 1273 2116 generali,
1296 2064 1478 2104 Romae.

1016 2186 1095 2237 210

642 2289 684 2325 P.
713 2290 912 2325 PETRUS
943 2289 1202 2326 ramosus
1231 2289 1478 2327 PoLANco

742 2381 985 2407 ANTUERPIA
1006 2375 1048 2406 28
1068 2382 1214 2407 MARTH
1237 2372 1325 2417 1573
1344 2374 1370 2408 ¹.

245 2469 277 2496 Ι.
299 2461 358 2495 De
388 2462 583 2504 emptione
616 2461 912 2496 librorum.—2.
942 2461 1216 2496 Bellarminus
1245 2462 1418 2497 Lovanio
1447 2463 1608 2508 difficile
1632 2455 1877 2498 educendus(

312 2530 394 2564 —3.
424 2520 597 2554 Mutatio
622 2520 904 2565 gubernatoris
933 2522 1261 2565 Flmzdrz'ue.—4.
1282 2523 1337 2557 De
1359 2523 1589 2568 captivitate
1614 2524 1785 2557 Patrum
1804 2532 1858 2556 ca-

313 2579 576 2613 stellanorum
597 2579 842 2614 venientium
865 2581 1048 2617 Romam.

338 2687 374 2717 1.
441 2676 529 2716 Ihs.
571 2676 679 2728 Muy
714 2675 830 2717 Rdo.
867 2676 1010 2717 padre
1042 2684 1227 2718 nuestro
1265 2692 1319 2718 en
1360 2677 1565 2721 Christo.
1610 2680 1701 2720 Pax
1740 2675 1858 2720 Chri-

245 2752 316 2805 sti,
344 2759 433 2794 etc.
461 2754 668 2806 Despues
692 2752 746 2793 de
769 2752 810 2793 la
835 2761 1033 2806 postrera
1063 2767 1149 2806 que
1173 2757 1363 2804 escreui,
1390 2769 1476 2807 que
1502 2757 1575 2796 fue'
1600 2770 1622 2796 a
1652 2767 1703 2807 14
1724 2755 1854 2802 deste,

246 2830 302 2871 lie
326 2829 558 2871 rescebido
582 2829 662 2870 dos
686 2829 740 2870 de
765 2830 821 2873 V.
851 2831 920 2872 R:
954 2830 994 2870 la
1018 2844 1104 2871 vna
1128 2845 1175 2872 es
1200 2831 1329 2884 copia
1353 2832 1408 2872 de
1431 2839 1544 2886 otra,
1571 2847 1594 2873 a
1622 2847 1708 2885 que
1732 2833 1855 2872 hauia

318 2994 327 3012 ¹
381 2994 437 3026 Ex
456 2994 691 3038 autographo
710 2993 746 3027 in
765 2993 847 3027 cod.
874 2993 1005 3028 Germ.
1029 3004 1113 3038 153,
1135 3003 1154 3027 2
1173 2994 1230 3038 ff„
1251 3006 1312 3028 nn.
1337 3003 1393 3037 20,
1416 3003 1472 3037 21,
1495 2995 1598 3040 prius
1617 2995 1684 3039 430
1703 2995 1758 3039 (?).
