1891 3292
260 213 328 256 084
755 213 946 248 PoLAncr
973 221 1112 247 compr
1119 220 1286 246 EMENTA

212 315 464 355 confecerat
488 313 725 355 malauaris
746 313 945 367 linguae,
966 312 1203 354 canarinae
1221 311 1355 354 etiam
1374 311 1662 365 gramaticam
1681 315 1828 358 confe-

214 372 288 423 cit,
315 379 358 413 et
383 373 437 413 ad
466 371 702 425 regionum
731 371 906 414 illarum
940 371 1086 413 varias
1118 371 1298 426 linguas
1326 370 1637 421 addiscendas,
1669 371 1830 415 instru-

214 430 407 472 ctionem
433 430 596 471 confici
619 444 749 484 posse
771 430 1064 485 excogitauit.

304 489 376 542 85.
441 490 488 530 In
513 489 771 543 prouincias
795 491 914 531 Peru
942 490 1027 530 sub
1055 490 1190 531 finem
1218 487 1354 529 huius
1383 487 1487 528 anni
1522 488 1572 529 P.
1610 486 1828 544 Hierony-

214 562 314 589 mus
360 550 486 601 Ruyz
515 548 570 589 de
605 548 792 589 Portillo
822 562 924 589 cum
955 547 1087 589 sociis
1117 546 1264 588 foelici
1294 546 1586 599 nauigatione
1615 549 1830 600 peruenit;

214 615 258 648 et
284 615 376 648 tum
400 607 455 647 ab
498 606 656 648 incolis
679 608 836 648 Nouae
859 606 1134 660 Cartaginis,
1162 613 1255 646 tum
1286 605 1491 647 Nominis
1513 604 1596 646 Dei
1618 611 1662 646 et
1686 606 1829 650 Pana-

216 669 300 716 ma,
333 665 540 708 Societas
569 674 722 707 nostra
749 665 863 707 miro
891 666 1042 707 studio
1073 671 1262 718 excepta
1293 672 1377 715 est,
1403 672 1447 705 et
1479 663 1598 718 apud
1631 662 1837 717 hispanos

213 725 337 766 iuxta
370 738 420 765 ac
474 723 604 765 indos
638 738 803 776 magno
835 739 938 765 cum
978 725 1127 766 fructu
1167 722 1333 765 versari
1366 722 1527 776 coepit.
1572 723 1620 763 In
1659 722 1834 766 Florida

216 783 347 825 etiam
373 790 417 825 et
440 783 568 824 Cuba
589 783 754 835 insula,
781 782 854 825 X.i
875 783 1180 837 euangelium,
1207 781 1367 822 minori
1390 787 1540 824 tamen
1563 793 1664 821 cum
1691 781 1836 824 fructu

216 843 273 883 ob
297 842 545 882 incolarum
570 856 658 883 non
683 841 953 883 domitorum
983 842 1232 883 barbariem
1264 840 1470 882 Floridae
1497 839 1648 894 spargi
1678 841 1835 895 coepit.

306 901 377 942 86.
443 901 538 943 Sub
561 901 696 942 huius
719 900 823 942 anni
847 901 1000 951 finem,
1021 915 1124 942 cum
1152 902 1286 942 Pater
1308 898 1511 953 Ignatius
1543 899 1598 940 de
1627 899 1839 942 Acebedo

217 959 420 1000 visitator
443 973 467 1000 a
490 960 624 1000 domo
653 958 729 1002 S.t'¹
757 959 985 1001 Vincentii
1013 960 1069 1001 ad
1102 959 1312 1001 Fluuium
1346 956 1537 999 Ianuarii
1567 957 1745 1012 (nomen
1773 967 1839 1001 est

216 1019 303 1059 loci
328 1017 535 1071 celebris)
559 1033 607 1060 se
636 1018 916 1071 contulisset,
948 1032 1049 1060 curn
1080 1018 1177 1072 ipso
1207 1016 1488 1072 prouinciali,
1524 1015 1759 1057 Ludouico
1786 1017 1840 1059 de

216 1078 385 1125 Grana,
411 1086 454 1118 et
482 1079 613 1120 Patre
638 1078 883 1120 Emanuele
906 1079 960 1119 de
985 1078 1202 1131 Nobrega
1226 1077 1409 1117 domum
1433 1089 1599 1116 nouam
1625 1075 1692 1115 vel
1712 1075 1836 1118 colle·

216 1136 340 1191 gium
364 1135 606 1179 Societatis
629 1135 794 1178 ibidem
818 1137 1108 1178 inchoarunt.

986 1267 1075 1308 IhS.

958 1336 1108 1389 1568.

315 1444 350 1475 1.
418 1431 502 1473 Die
527 1444 567 1484 3.
575 1438 592 1455 ²
617 1430 827 1481 Ianuarii,
855 1444 958 1472 cum
982 1428 1143 1471 summi
1170 1428 1392 1484 pontificis
1414 1427 1596 1470 nornine
1618 1427 1847 1470 cardinalis

222 1491 439 1533 Paciecus
468 1490 668 1545 petiisset
692 1505 716 1532 a
743 1491 875 1532 Patre
897 1496 1054 1530 nostro
1078 1487 1350 1542 praeposito,
1375 1496 1419 1528 vt
1444 1500 1595 1528 comes
1622 1486 1839 1538 Petiliani,

219 1550 448 1599 Nicolaus,
477 1549 738 1602 aliquandiu
770 1549 886 1590 inter
917 1555 1094 1589 nostros
1117 1546 1238 1588 domi
1269 1554 1486 1597 maneret,
1514 1553 1560 1586 vt
1603 1544 1777 1597 instrui,
1802 1554 1843 1588 et

219 1608 494 1651 conscientie
517 1623 626 1650 suae
649 1607 969 1662 expurgandae
990 1620 1148 1649 vacare
1179 1614 1343 1660 posset,
1378 1606 1467 1646 huc
1497 1619 1521 1646 a
1545 1603 1844 1646 commissario

220 1667 524 1721 Inquisitionis
546 1667 769 1708 deductus
793 1674 876 1709 est.

309 1739 350 1768 2.
418 1726 502 1768 Die
528 1738 570 1778 4.
579 1727 596 1745 ⁰
629 1725 819 1767 Ianuarii
853 1738 955 1766 curn
990 1723 1247 1777 collegiales
1283 1730 1385 1764 vota
1421 1736 1502 1763 sua
1539 1720 1843 1764 renouassenti

219 1786 507 1840 inquisitores
530 1784 722 1838 hispani,
744 1784 818 1837 qui
842 1759 1164 1837 archiepiscobpi
1200 1782 1383 1824 toletani
1408 1795 1590 1823 causam
1615 1779 1842 1822 tractaturi

220 1847 386 1887 Romae
415 1844 712 1885 versabantur
745 1843 874 1897 (inter
903 1856 1015 1897 quos
1048 1841 1417 1895 archiepiscopus
1448 1839 1765 1890 salernitanus,
1802 1845 1843 1882 et

219 1904 458 1958 episcopus
481 1902 756 1945 ciuitalensis
777 1909 903 1943 erant
926 1900 1138 1954 excepti),
1168 1899 1356 1954 prandio
1379 1899 1676 1940 concionibus
1701 1908 1747 1951 15
1766 1897 1843 1939 lin-

220 1976 413 2017 guarum
437 1961 612 2015 excepti
636 1969 756 2011 sunt,
783 1960 952 2002 scilicet
976 1959 1228 2012 hebraicae,
1255 1958 1476 2008 arabicae,
1508 1971 1713 2012 graecae,
1747 1956 1840 1998 lati-

222 2036 320 2071 nae,
348 2020 569 2075 anglicae,
596 2019 805 2071 scoticae,
832 2018 1106 2068 hibernicae,
1126 2017 1383 2072 flandricae,
1406 2016 1611 2071 gallicae,
1632 2015 1846 2070 germani-

222 2094 318 2131 cae,
354 2078 603 2130 boemicae,
628 2078 873 2132 polonicae,
898 2077 1088 2127 italicae,
1120 2076 1392 2130 hispanicae,
1418 2083 1463 2118 et
1491 2073 1850 2130 portugallensis,

219 2147 264 2180 et
287 2138 559 2180 carminibus
582 2137 748 2192 singuli
772 2136 996 2179 honorati.

314 2211 351 2250 3.
419 2172 681 2238 CrescenteD
697 2210 883 2237 numero
920 2194 1221 2236 studiosorum
1260 2193 1303 2234 in
1343 2193 1584 2248 collegium
1617 2205 1842 2234 romanum

221 2255 561 2305 confluentium,
594 2255 772 2296 additus
801 2263 867 2297 est
898 2268 1042 2295 nouae
1065 2253 1220 2294 classis
1243 2259 1517 2307 praeceptor,
1540 2251 1655 2293 inter
1678 2251 1842 2305 profes-

222 2329 367 2357 sorem
392 2287 682 2355 humariitatis
705 2322 748 2354 et
773 2313 940 2367 primae
962 2313 1143 2354 scholae
1165 2311 1439 2365 gramaticae
1461 2310 1769 2353 intermedius.

310 2387 352 2426 4.
423 2376 471 2415 Ρ.
494 2375 550 2416 D.
578 2374 764 2415 Toletus
786 2371 1014 2425 collegii,3
988 2370 1232 2413 germanici
1257 2370 1648 2434 superintendens;
1672 2371 1721 2411 P.
1745 2366 1844 2410 Dio-

223 2433 364 2474 nisius
395 2433 609 2485 Vazquez
639 2431 735 2473 sine
759 2431 887 2472 titulo
911 2429 1112 2485 superior
1141 2429 1317 2483 collegii
1343 2429 1514 2470 romani
1546 2435 1613 2471 est
1637 2425 1842 2469 constitu·

224 2499 311 2545 tus,
339 2499 385 2532 vt
412 2493 462 2533 P.
497 2497 643 2532 rector
666 2489 961 2533 Sebastianus
985 2502 1120 2529 onere
1151 2489 1280 2541 graui
1311 2489 1536 2530 leuaretur
1567 2488 1710 2528 donec
1735 2484 1847 2526 vale-

224 2551 367 2592 tudini
398 2549 583 2591 firmiori
615 2556 733 2592 esset
762 2547 1014 2599 restitutus,
1042 2547 1116 2600 qui
1149 2554 1296 2589 tamen
1322 2553 1477 2600 postea
1506 2546 1758 2600 praefectus
1785 2556 1845 2584 re

223 2624 321 2650 rum
352 2608 668 2663 spiritualium,
701 2615 746 2648 et
778 2606 1097 2658 confessarius,
1133 2605 1229 2646 sine
1252 2606 1401 2646 officio
1431 2604 1632 2656 rectoris,
1663 2600 1849 2656 collegio

223 2677 291 2709 est
317 2668 573 2711 restitutus.

314 2738 354 2780 5.
423 2728 539 2770 Cum
568 2726 730 2766 domus
759 2723 1036 2787 probationis
1064 2723 1108 2763 in
1139 2723 1323 2764 ciuitate
1346 2723 1393 2765 S.
1431 2720 1600 2776 Angeli
1630 2726 1748 2762 esset
1777 2718 1848 2759 ad-

224 2785 359 2827 missa
381 2799 484 2826 curn
522 2797 608 2837 400
645 2783 820 2825 ducatis
858 2796 996 2824 annul
1035 2781 1254 2835 redditus,
1295 2795 1349 2823 ea
1387 2780 1647 2822 conditione
1678 2785 1722 2820 vt
1754 2783 1849 2832 post

230 2856 279 2886 10
311 2858 455 2885 annos
484 2845 641 2885 saltem
673 2849 989 2897 praeceptores
1019 2840 1201 2891 ibidem,
1229 2840 1284 2883 ad
1312 2840 1596 2882 iuuentutem
1619 2837 1849 2879 instituen-

224 2903 340 2955 dam,
370 2904 425 2945 de
457 2903 684 2946 Societate
733 2901 1078 2950 collocarentur,
1110 2898 1274 2940 additis
1317 2898 1414 2940 aliis
1450 2908 1529 2951 150
1571 2895 1746 2939 ducatis
1777 2906 1848 2935 an-

225 2962 342 3013 nuis,
369 2962 752 3025 quandocumque
786 2967 1100 3014 praeceptores
1124 2957 1337 3012 praedicti
1366 2957 1651 3006 adderentur,
1677 2952 1850 2995 domina

225 3020 406 3062 ducissa
429 3020 654 3062 Nuceriae
678 3019 722 3061 in
743 3019 1041 3060 fundatricem
1061 3016 1254 3058 admissa
1276 3024 1359 3070 est,
1385 3023 1428 3058 et
1452 3016 1501 3057 P.
1536 3013 1756 3065 Emerius,
1782 3025 1845 3053 re-
