1891 3292
499 149 637 184 EpisT.
667 149 818 188 246.—1
853 149 1103 184 NOVEMssRls
1135 159 1222 193 1575
1558 149 1626 193 399

126 263 190 305 17.
259 251 289 292 ll
313 258 432 293 stare
463 264 582 292 noue
611 252 719 291 hore
754 251 935 304 quando
965 252 1000 292 si
1030 252 1245 306 degfflna,
1282 252 1353 293 del
1387 265 1555 306 pranzo
1588 251 1671 292 alla

35 329 286 382 collatione,
314 328 389 382 qui
414 342 504 369 non
546 335 675 368 torna
705 328 836 369 bene.
872 329 926 370 V.
963 330 1014 369 P.
1047 330 1161 371 veda
1190 344 1237 371 se
1262 329 1298 370 si
1327 329 1621 370 accomodara
1644 327 1670 368 il

35 417 180 461 tempo
202 406 242 446 al
267 407 362 446 loro
387 404 583 459 bisogno
606 411 650 447 et
673 404 962 446 commodita.

0 471 1 474 Ἴ
124 483 189 526 18.
255 481 422 524 Alcuni
457 480 719 522 comentarii
754 481 821 523 de'
853 481 954 523 libri
990 484 1072 524 che
1105 482 1143 523 si
1165 483 1330 537 legono
1366 484 1480 525 nelle
1515 484 1669 525 schole

34 558 309 603 d’humanita
334 565 378 601 et
401 557 666 613 gramadca,
693 557 729 599 si
756 565 946 599 trouano
975 559 1090 599 assai
1115 559 1271 613 inepti.
1295 547 1330 601 E
1349 574 1480 613 parso
1497 560 1570 612 qui
1591 560 1667 601 do-

34 636 147 680 uersi
184 643 467 690 representar
507 650 530 677 a
561 636 616 678 V.
657 637 707 677 Ρ.
745 636 829 676 6116
859 635 898 675 61
934 649 1038 688 pare
1071 636 1261 678 sarebbe
1285 637 1402 677 bona
1432 651 1583 689 opera,
1614 636 1668 677 de

12 714 97 756 ·far
119 713 306 755 reueder
329 712 477 754 alcuni
501 711 545 753 di
577 711 743 766 questi,
777 721 820 754 et
850 711 1094 754 emendarli
1126 719 1169 754 et
1200 713 1398 767 purgarli
1424 713 1538 754 delle
1570 713 1664 753 ine-

12 834 13 841 ,
34 790 134 846 ptie‚
160 797 204 832 et
229 789 390 844 meglio
413 791 560 832 anche
586 790 710 832 farne
734 788 790 831 de
819 802 941 829 nouo
960 789 1111 830 alcuni
1136 804 1212 843 per
1235 803 1312 830 vso
1336 790 1390 831 de
1415 791 1554 830 nostri
1578 804 1667 830 ma·

11 867 120 930 stri,
152 874 238 909 etc.
277 868 332 908 Et
365 882 454 908 non
490 881 595 921 pare
625 866 816 909 sarebbe
847 865 1044 916 difficile,
1077 866 1353 919 aplicandosi
1389 881 1580 920 persona
1613 866 1665 906 de

12 944 242 998 -giudicio,
268 952 442 986 stracca
466 944 521 986 de
546 934 714 997 legere,
742 958 820 997 per
844 943 903 983 tal
927 943 1104 984 effecto.

120 1034 186 1077 19.
252 1022 420 1064 Hanno
443 1022 519 1075 qui
543 1021 766 1071 dubitato,
797 1035 845 1062 se
869 1019 1009 1061 nostri
1035 1020 1287 1062 confessori
1318 1021 1470 1061 hanno
1503 1021 1664 1060 faculta

31 1099 82 1142 de
100 1097 334 1161 ,dispensar
357 1113 492 1153 super
515 1098 849 1153 irregularitate
873 1110 958 1138 con
990 1097 1017 1136 li
1048 1097 1207 1149 nostri,
1233 1098 1316 1139 che
1340 1112 1364 1138 a
1388 1097 1482 1137 loro
1506 1111 1661 1150 posso-

10 1190 85 1218 1110
106 1176 390 1218 confessarsi.
420 1177 475 1218 V.
506 1177 554 1218 P.
579 1175 614 1218 si
639 1174 841 1217 contenti
866 1173 1101 1215 dechiarar
1125 1189 1206 1215 sua
1230 1182 1396 1215 mente.
1428 1175 1540 1215 Pare
1559 1187 1663 1226 que-

30 1259 93 1295 sta
120 1252 356 1306 questione
386 1267 536 1308 venga
565 1253 636 1295 del
666 1252 876 1306 scrupolo
905 1251 1132 1292 ch'hanno
1163 1250 1311 1292 alcuni
1342 1252 1397 1291 de
1426 1252 1567 1291 hauer
1600 1249 1663 1290 in-

29 1343 151 1372 eorso
175 1329 458 1385 irregolarita
483 1343 561 1384 per
591 1331 725 1371 alcun
755 1342 858 1371 caso
888 1328 1067 1369 incorso
1097 1327 1168 1369 nel
1191 1326 1290 1368 vdir
1319 1325 1609 1379 confessioni,
1639 1341 1663 1365 s>

31 1419 327 1462 aeompagnar
352 1407 486 1461 quelli
516 1409 599 1448 6116
623 1407 659 1448 si
684 1420 900 1448 amazano
920 1420 997 1460 per
1016 1403 1237 1459 giustitia3
1264 1411 1307 1446 et
1325 1411 1570 1456 Vtcumque
1588 1402 1660 1451 sit,

30 1485 168 1540 pende
190 1485 306 1526 della
332 1484 514 1527 volonta
539 1485 594 1526 de
616 1485 670 1525 V.
701 1485 752 1526 P.

72 1597 75 1599 .
108 1561 367 1614 Inscriptio.
394 1563 427 1614 †
452 1562 509 1603 Al
534 1561 672 1602 molto
692 1561 806 1602 Rdo.
828 1560 871 1600 in
892 1560 1010 1613 Xpo.
1037 1558 1179 1599 Padre
1200 1564 1374 1609 nostro,
1396 1556 1425 1595 il
1454 1558 1500 1597 P.
1526 1556 1657 1596 Mtro.

29 1638 253 1680 Euerardo
289 1639 592 1690 Mercuriano,
630 1639 861 1692 preposito
895 1636 1108 1690 generale
1145 1634 1261 1676 della
1296 1632 1579 1687 Compagnia
1618 1632 1659 1672 di

8 1715 179 1758 ›Giesu

109 1793 264 1849 sigilli
287 1793 552 1848 vestigium.
578 1810 585 1814 ·

444 2004 768 2042 POLANCUS
822 2001 1230 2039 MERCURIANO

499 2110 670 2136 CATANA
704 2109 717 2134 1
750 2108 993 2134 NOVEMBRIS
1024 2107 1112 2142 1575
1141 2099 1170 2132 ¹.

328 2197 449 2232 Ratio
462 2198 741 2243 plurimorum
762 2197 831 2240 qui
846 2196 954 2230 exire
974 2206 992 2229 e
1012 2194 1157 2229 Sicilia
1177 2194 1357 2238 cupiunt.

112 2306 147 2337 Ι.
207 2295 304 2350 Jhs.
334 2294 477 2336 Molto
505 2293 617 2334 Rdo.
646 2291 690 2333 in
715 2292 836 2346 Xpo.
874 2291 1019 2333 Padre
1050 2297 1224 2332 nostro.
1260 2291 1354 2331 Pax
1389 2289 1534 2340 Chri„
1568 2296 1652 2330 etc.

30 2371 173 2426 Quelli
197 2373 281 2414 che
303 2370 572 2412 desideratio
598 2369 718 2410 uscir
737 2368 782 2409 di
806 2375 968 2422 questa
988 2366 1240 2422 prouincia,
1265 2380 1377 2407 sono
1396 2366 1409 2406 i
1428 2364 1653 2420 seguenti.

26 2448 78 2489 Et
104 2447 244 2502 prima
272 2448 317 2488 in
345 2447 552 2488 Palermo
581 2445 604 2487 6
633 2445 663 2486 11
688 2447 739 2488 P.
769 2446 1028 2486 Francesco
1050 2444 1287 2497 Guiraldo,
1310 2444 1335 2483 il
1364 2444 1467 2497 qual
1492 2450 1656 2483 mostra

24 2523 236 2567 desiderio
256 2525 456 2567 d'andar⁷
480 2524 524 2565 in
551 2525 739 2579 Spagna
764 2538 842 2578 per
866 2525 1008 2565 hauer
1035 2522 1111 2576 piu
1133 2521 1281 2562 sanita
1307 2535 1382 2575 per
1401 2526 1535 2561 conto
1553 2519 1653 2560 delli

24 2599 118 2654 cibi,
144 2616 233 2643 non
256 2602 292 2643 si
319 2601 543 2643 trouando
568 2600 645 2655 qui
672 2606 1071 2642 communemente
1095 2613 1231 2640 carne
1255 2597 1298 2638 di
1324 2605 1519 2638 castrato
1545 2597 1654 2637 buo-

89 2725 100 2743 ¹
150 2726 204 2759 Ex
223 2728 448 2772 archetypo,
480 2737 594 2760 manu
626 2726 749 2770 Bassi,
773 2727 811 2760 in
832 2725 968 2759 codice
1002 2724 1129 2768 Epist.
1158 2722 1343 2762 Polanczss,
1378 2730 1396 2753 2
1423 2721 1481 2764 ffi,
1512 2733 1547 2754 11.
1575 2729 1650 2763 110,

27 2783 122 2827 prius
144 2793 218 2829 179,
246 2786 323 2819 180.
358 2786 494 2819 Exstat
517 2785 662 2819 ibidem
700 2791 739 2819 et
771 2784 1034 2830 apographum
1059 2794 1078 2816 a
1106 2781 1275 2815 Polanco
1305 2786 1519 2823 exaratum,
1554 2779 1654 2825 quod

27 2841 175 2877 missum
190 2844 350 2878 Romam
371 2855 447 2879 non
468 2850 640 2891 apparet,
663 2856 707 2878 ac
724 2844 921 2878 nonnullis
936 2841 1114 2876 foedatur
1130 2839 1293 2883 mendis,
1310 2850 1408 2885 quae
1425 2844 1553 2873 tamen
1570 2850 1654 2872 sen-

25 2910 103 2934 sum
120 2912 192 2936 non
212 2909 374 2938 mutant.
394 2904 644 2948 Responsum
665 2909 795 2937 autem
817 2902 950 2936 datum
980 2901 1069 2935 huic
1089 2899 1278 2945 epistolae
1303 2898 1467 2944 aliisque
1490 2898 1561 2931 sub
1581 2908 1654 2931 nu-

28 2961 134 2994 meris
155 2969 234 3007 250,
258 2971 337 3009 254,
361 2971 440 3007 255,
464 2962 546 3007 256,
568 2971 636 3007 257
655 2969 694 2997 et
714 2962 781 3006 258
803 2961 954 3007 positiS,
974 2961 1139 2994 habetur
1158 2958 1271 3002 infra,
1289 2970 1327 2993 n.
1348 2958 1429 2994 266.
