1891 3292
526 222 661 256 Ep1sr.
693 220 870 266 258.—17
898 222 1100 268 JANUARH
1132 223 1220 268 1576
1568 231 1632 269 451

55 323 155 379 qual
178 322 206 365 il
237 323 482 366 medesimo
512 324 536 365 e
567 323 788 379 principe)
821 339 906 366 vna
936 338 1037 366 casa
1064 325 1283 380 professa.
1316 325 1402 368 Noi
1433 325 1625 368 andamo
1659 339 1682 367 3

54 401 188 444 νο(101
211 401 313 454 quel
343 401 443 442 1000
474 415 555 455 per
587 400 781 442 sodisfar
809 416 833 443 a
866 415 948 443 sua
979 402 1251 454 eccellenza,
1285 410 1329 444 et
1359 417 1446 445 non
1479 410 1686 446 trouamo

55 478 125 520 nel
145 478 311 534 popolo
343 479 459 520 fame
489 478 544 520 de
571 478 627 521 tal
658 491 780 520 casa:
807 477 845 521 si
880 479 965 521 ben
996 480 1052 521 de
1081 479 1274 535 collegio
1305 495 1382 535 per
1405 480 1633 523 instituire
1657 481 1685 522 li

52 556 143 598 loro
167 554 340 610 figlioli3
367 555 424 597 ne
449 554 490 597 01
512 570 643 611 parse
666 555 767 597 loco
792 562 921 611 tropo
945 563 1040 598 atto
1064 571 1088 598 a
1111 563 1338 600 sostentar
1358 572 1445 600 vna
1463 572 1567 601 casa
1586 573 1684 614 pro-

51 634 183 683 fessa,
209 632 384 674 benche
410 631 432 674 ὲ
456 632 649 688 grande,
672 639 715 674 et
734 646 864 675 crece
889 633 1098 676 tuttavia.
1129 635 1183 675 Et
1207 634 1301 677 cosi
1329 636 1523 678 hauemo
1548 635 1684 690 rispo-

52 718 119 752 sto
140 710 224 751 che
249 723 336 751 non
361 709 571 752 hauiarno
598 716 777 751 trouato
809 710 867 751 tal
897 710 1193 765 dispositione
1223 711 1266 753 in
1298 713 1402 767 quel
1432 712 1608 768 popolo,
1641 719 1687 755 et

53 789 134 830 che
157 788 212 830 V.
242 788 291 832 P.
323 787 591 829 s'inclinaua
616 802 639 829 a
664 786 913 829 cominciar
942 787 1017 843 pisi
1050 796 1200 843 presto
1224 802 1327 833 0330
1356 789 1401 831 in
1431 789 1629 833 Messina
1661 804 1687 832 o

55 864 274 916 Palerm0;
312 878 395 920 pur
429 865 513 907 che
551 864 847 906 scriueriamo
886 864 928 906 di
963 879 1116 907 nuouo
1145 881 1169 908 a
1200 867 1254 909 V.
1294 869 1344 909 P.
1378 867 1543 922 Quella
1574 868 1686 911 veda

54 943 205 985 s’altro
228 941 256 984 11
281 941 423 998 piace.

136 1031 178 1072 4.
245 1018 602 1063 L'instructione
625 1026 670 1062 et
693 1018 843 1062 officio
867 1020 940 1063 del
964 1020 1245 1074 prouinciale
1268 1021 1365 1064 vole
1388 1021 1424 1064 si
1445 1022 1592 1064 facino
1615 1037 1686 1064 os-

53 1111 204 1140 301031
221 1097 262 1140 10
280 1095 610 1148 constitutioni,
631 1097 819 1148 decreti,
842 1098 997 1152 regole
1016 1104 1060 1139 et
1079 1099 1402 1142 consuetudini
1420 1100 1537 1142 della
1555 1100 1686 1142 Com·

53 1174 231 1232 pagnia.
259 1176 446 1230 Quanto
469 1189 494 1216 a
517 1181 677 1228 queste
700 1174 1038 1227 consuetudini,
1067 1175 1351 1219 desideramo
1380 1176 1616 1220 intendere
1639 1190 1688 1219 se

53 1254 108 1296 V.
135 1253 183 1296 P.
209 1253 267 1295 ha
292 1252 540 1307 approbate
558 1252 721 1295 310000
745 1266 872 1294 00100
893 1252 985 1304 tali,
1008 1253 1091 1295 che
1111 1267 1188 1307 per
1213 1253 1317 1295 tutti
1341 1254 1369 1295 li
1395 1255 1519 1310 loghi
1543 1255 1685 1296 s⁷hab-

51 1330 155 1373 bino
177 1345 202 1372 3
224 1329 440 1385 guardar.
468 1331 527 1374 Se
552 1343 642 1370 non
667 1328 703 1370 si
726 1329 955 1381 scriuono,
993 1338 1037 1373 et
1071 1338 1188 1373 resta
1212 1331 1253 1371 la
1277 1345 1383 1373 cosa
1406 1331 1449 1373 in
1482 1332 1684 1374 traditio-

55 1421 125 1460 ne,
155 1408 255 1450 3313
287 1407 646 1462 probabilmente
677 1408 817 1449 molto
852 1407 1040 1460 variata,
1078 1422 1166 1449 non
1202 1409 1297 1450 solo
1328 1409 1395 1450 001
1421 1417 1586 1464 tempo,
1613 1424 1685 1452 ma
1747 1417 1754 1423 ’

0 1474 1 1506 3
53 1484 185 1529 etiam
208 1486 250 1527 31
272 1491 499 1541 presente,
527 1485 726 1527 secondo
752 1485 781 1525 li
804 1484 930 1540 loghi
954 1491 998 1527 et
1020 1484 1130 1527 varii
1149 1485 1320 1540 giudici
1340 1486 1456 1529 delle
1475 1501 1682 1541 persone,

55 1562 260 1605 massime
284 1561 420 1618 quelli
443 1563 527 1606 che
551 1576 834 1618 gouernano.

0 1631 5 1699 ᾗ
140 1650 179 1694 5.
247 1639 297 1681 10
324 1640 531 1683 Ρ3101100
549 1654 634 1682 000
655 1639 894 1683 occasione
912 1640 1028 1683 della
1049 1648 1175 1696 peste
1194 1640 1230 1682 31
1253 1641 1389 1684 133010
1411 1640 1439 1681 11
1459 1648 1592 1683 canto
1610 1642 1683 1684 del

2 1730 6 1763 i
55 1732 255 1773 vespero.
290 1718 418 1760 Veda
448 1718 503 1762 V.
539 1719 588 1762 P.
622 1733 670 1761 se
707 1717 973 1772 pigliaremo
1004 1726 1161 1772 questa
1192 1718 1446 1774 occasione,
1479 1733 1607 1761 corne
1640 1719 1683 1761 in

3 1773 7 1859 1
54 1795 247 1838 Μο33103
281 1794 318 1838 31
351 1795 505 1851 piglio,
544 1809 622 1850 per
657 1795 880 1838 lasciarle.
914 1795 971 1837 Al
1007 1795 1150 1837 Padre
1180 1794 1458 1850 prouinciale
1490 1811 1593 1852 pare
1629 1797 1684 1838 de

4 1868 8 1920 1
53 1887 156 1926 000,
182 1873 365 1929 quando
388 1873 428 1915 01
458 1872 557 1916 sara
588 1873 798 1916 lectione.
840 1874 885 1914 Io
911 1873 996 1914 ben
1028 1887 1076 1915 so
1106 1874 1189 1915 0110
1213 1880 1373 1927 questo
1399 1881 1684 1929 permettono

6 1946 10 2002 ³,
54 1950 92 1992 le
128 1949 459 2005 constitutioni;
497 1965 567 1992 ma
601 1950 775 1992 vedeua
813 1949 1155 1992 inconuenienti
1187 1951 1261 1991 nel
1295 1957 1452 1991 cantar
1482 1950 1493 1990 i
1523 1950 1682 2005 nostri,

10 2031 11 2034 ’
55 2027 169 2082 quali
193 2042 284 2070 non
307 2028 351 2070 10
376 2042 486 2070 sano
508 2028 596 2072 ben
622 2028 703 2079 far,
729 2036 774 2069 et
799 2027 997 2069 lasciano
1022 2042 1099 2082 per
1124 2027 1151 2068 il
1177 2034 1313 2069 canto
1343 2028 1453 2070 altre
1484 2042 1605 2071 cose.
1631 2028 1686 2069 Et

12 2153 13 2163 ἵ
54 2118 100 2148 30
121 2119 210 2147 000
239 2105 282 2147 10
312 2105 543 2148 1100103331
577 2106 618 2147 13
651 2103 896 2147 deuotione
929 2105 1046 2147 della
1078 2105 1203 2156 citta,
1241 2119 1331 2147 non
1362 2105 1420 2146 mi
1450 2105 1618 2147 inclino
1647 2105 1686 2147 al

11 2172 14 2227 1
55 2181 262 2238 repigliar
285 2182 314 2224 il
337 2189 471 2226 canto
495 2182 640 2227 detto.
667 2183 722 2225 V.
755 2184 804 2224 P.
834 2181 874 2224 01
897 2181 1010 2224 30131
1034 2182 1089 2224 (10
1114 2197 1195 2224 303
1219 2182 1417 2224 volonta.

140 2260 182 2304 6.
249 2260 279 2301 ll
305 2260 509 2315 predicar
532 2259 643 2315 ogni
666 2259 728 2314 di,
757 2274 784 2302 o
808 2260 933 2314 leger
958 2260 997 2301 13
1022 2259 1227 2301 doctrina
1250 2259 1495 2302 christiana
1514 2259 1586 2301 nel
1612 2273 1686 2300 no-

0 2374 3 2378 .
57 2335 233 2389 uiciato,
260 2351 427 2393 pareua
446 2345 574 2392 tropo
592 2337 632 2379 al
653 2344 848 2379 01303110
872 2337 927 2378 (10
952 2335 1120 2388 000101;
1143 2344 1187 2378 et
1211 2351 1295 2391 pur
1318 2336 1353 2378 si
1377 2350 1528 2378 vsaua.
1551 2337 1608 2378 V.
1632 2337 1682 2378 P.

57 2413 92 2456 31
112 2414 248 2470 degni
267 2413 416 2457 auisar
433 2414 489 2456 de
513 2413 584 2456 cio
607 2415 691 2456 che
715 2414 742 2455 li
769 2429 887 2469 pare,
907 2420 951 2455 et
971 2428 1018 2456 se
1037 2413 1214 2455 bastera
1235 2412 1419 2456 alternis
1443 2412 1604 2454 diebus
1624 2413 1688 2454 far

0 2482 5 2533 Ξ
57 2500 229 2546 questo,
255 2499 298 2534 et
323 2492 349 2533 il
375 2492 572 2535 conferir
595 2492 650 2535 de
674 2505 778 2534 cose
801 2490 1042 2546 spirituali,
1070 2490 1097 2531 il
1124 2491 1398 2545 precedente
1429 2490 1473 2532 (11
1505 2497 1687 2533 trattate

0 2586 2 2592 ·
59 2569 170 2612 nelle
195 2569 424 2626 prediche.

143 2657 186 2700 7.
252 2648 339 2690 Per
362 2647 403 2689 la
426 2648 539 2689 festa
563 2647 618 2689 de
642 2653 771 2688 santa
796 2647 999 2701 Agatha,
1028 2647 1114 2688 che
1138 2645 1236 2687 sara
1260 2644 1332 2686 alli
1356 2655 1378 2698 5
1400 2645 1454 2686 de
1472 2645 1685 2695 Febraro,

59 2715 93 2765 31
115 2724 138 2766 ὁ
158 2723 363 2767 intimata
386 2725 426 2767 la
449 2723 811 2779 congregatione
835 2724 1129 2779 prouinciale,
1157 2738 1182 2764 o
1206 2722 1340 2778 pochi
1365 2722 1512 2777 giorni
1535 2722 1685 2777 dopoi‚

0 2807 6 2842 t
59 2807 227 2845 attento
251 2803 336 2845 che
359 2809 524 2844 stanno
546 2801 713 2856 meglio
739 2801 937 2844 Messina
961 2808 1006 2842 et
1033 2802 1255 2852 Palermo,
1281 2814 1330 2843 se
1352 2799 1408 2842 de
1433 2800 1488 2842 V.
1519 2799 1568 2843 P.
1595 2813 1687 2841 non

0 2900 10 2922 a
60 2877 186 2923 viene
208 2879 254 2922 in
278 2886 439 2935 questo
463 2893 590 2922 mezo
614 2879 747 2921 alcun
779 2879 953 2933 ordine,
988 2879 1031 2920 in
1064 2879 1256 2933 risposta
1280 2877 1324 2919 di
1359 2877 1510 2932 quello
1533 2878 1617 2919 che
1652 2877 1687 2919 si

0 2968 8 2999 ἑ
60 2954 84 2998 ὲ
103 2956 258 2999 scritto
281 2971 413 3013 sopra
436 2956 519 2999 cio.
544 2955 637 3011 Qui
668 2956 712 2998 in
746 2956 937 2999 Catania
966 2956 1128 2998 stiamo
1156 2955 1267 3008 sani,
1294 2954 1380 2997 Dio
1409 2954 1608 3011 laudato,
1645 2963 1689 2998 et

0 3035 11 3097 ἠ’
61 3032 354 3078 humilmente
376 3034 678 3076 domandamo
701 3034 741 3075 la
766 3032 1084 3076 benedictione
1113 3033 1169 3074 de
1194 3034 1250 3075 V.
1283 3034 1351 3083 P„
1386 3039 1428 3075 et
1465 3033 1581 3075 nelle
1609 3046 1689 3074 sue
