2045 3353
579 264 719 299 EPIST.
757 263 928 307 143.—31
951 265 1200 299 DECEMssms
1232 265 1318 308 1567
1700 276 1722 309 9

126 382 209 411 suo
228 367 363 423 padre
385 380 409 408 e
429 365 583 408 madre
605 379 630 406 e
656 365 846 419 parenti,
870 379 1063 420 persone
1083 366 1224 407 molto
1241 365 1491 421 principali,
1514 365 1575 420 gli
1595 366 1658 408 sia
1681 373 1769 408 sta-

122 453 168 487 to
193 445 362 499 parlato
387 458 463 498 per
502 441 751 492 diuertirlo‚
782 442 1059 484 nondimeno
1093 442 1273 483 l'hanno
1314 449 1492 484 trouato
1515 441 1553 485 si
1579 443 1718 484 fermo
1744 458 1768 485 e

126 521 310 564 fondato
332 534 388 562 ne
406 521 446 562 la
473 518 698 562 uocation'
730 518 901 570 diuina,
928 520 1013 560 che
1043 533 1155 560 sono
1186 518 1291 561 stati
1326 519 1480 561 forzati
1512 534 1536 561 a
1566 518 1705 561 lodar'
1729 520 1769 563 la

125 612 206 642 sua
230 597 508 648 risolutione,
536 611 560 639 e
584 596 805 639 lasoiarIO.
835 597 871 638 E
895 595 1096 651 giouane
1120 595 1163 636 di
1190 597 1328 637 molto
1348 596 1504 652 spirito
1529 612 1552 639 e
1576 598 1768 652 pruden-

125 675 200 727 tia,
228 683 270 718 et
295 682 390 718 atto
413 674 678 716 istromento
702 688 781 729 per
804 673 913 728 ogni
943 674 1073 716 bene.

215 766 285 807 3o.
353 751 647 795 L'undecimo
686 752 770 794 che
806 752 987 793 haueua
1015 750 1216 793 un'anno
1247 751 1317 793 del
1348 765 1493 802 corso,
1516 758 1560 794 et
1585 766 1683 793 raro
1706 733 1780 793 in-⁴

124 843 278 885 gegno
302 836 345 872 et
370 829 539 871 talento
563 828 605 869 di
631 827 878 883 predicare,
907 827 929 870 ὲ
952 827 1183 870 Giouanni
1203 829 1258 869 de
1279 827 1541 878 Maioribus,
1565 842 1766 878 romano,

125 906 321 963 giouane
344 905 388 948 di
411 905 587 962 grande
613 905 929 960 espettatione.

214 996 284 1038 31.
351 984 384 1026 Il
414 983 508 1025 12,⁰
533 996 616 1037 pur
639 983 710 1024 del
735 981 878 1037 primo
903 996 1023 1024 anno
1047 983 1119 1024 del
1142 996 1288 1033 corSO,
1313 981 1333 1024 ὲ
1355 982 1557 1024 Antonio
1582 982 1769 1025 Visoon-

125 1067 182 1112 te,
210 1060 441 1112 milanese,
469 1060 512 1101 di
539 1059 736 1115 fainiglia
762 1059 1052 1111 nobilissima,
1077 1073 1148 1100 ma
1173 1067 1297 1102 Certo
1315 1058 1391 1114 piu
1410 1059 1559 1101 nobile
1583 1059 1626 1100 di
1652 1060 1769 1102 uirtu

122 1144 168 1181 et
192 1137 235 1178 di
260 1137 434 1192 spirito.

212 1227 281 1269 32.
350 1215 384 1256 Il
413 1227 462 1269 13
486 1222 530 1258 et
561 1227 611 1268 14
635 1229 746 1256 sono
778 1214 991 1257 Cornelio
1025 1221 1069 1257 et
1096 1212 1286 1256 Matthia

122 1292 242 1347 dopo
265 1292 456 1335 d’hauer
480 1292 607 1334 udito
633 1291 779 1347 logica
803 1291 847 1333 in
874 1290 1170 1347 Ingolstadio‚
1197 1305 1402 1334 uennero
1421 1291 1476 1332 ad
1499 1298 1676 1333 entrare
1695 1291 1769 1345 qui

1323 1213 1371 1264 ¹⁴,
1405 1213 1648 1265 alamanni,
1685 1214 1769 1256 che

119 1369 163 1410 in
191 1370 348 1411 Roma.

211 1459 281 1501 34.
349 1448 433 1490 Nel
458 1452 579 1490 resto
603 1447 642 1489 ci
666 1460 778 1488 sono
802 1446 952 1489 alcuni
977 1445 1116 1487 molto
1140 1445 1279 1487 buoni
1304 1444 1566 1497 humanisti‚
1592 1459 1722 1486 come
1747 1445 1768 1487 ὁ

122 1538 183 1565 un
206 1524 392 1567 Zacaria
414 1524 463 1579 ¹⁵,
486 1538 624 1580 greco
642 1524 686 1565 di
710 1523 906 1576 natione,
926 1529 969 1566 et
994 1524 1132 1565 molto
1151 1524 1277 1565 dotto
1296 1524 1413 1565 nella
1438 1523 1594 1577 lingua
1613 1537 1765 1576 greca,
1794 1530 1796 1534 ’

121 1601 237 1643 oltre
265 1602 306 1644 la
345 1603 548 1658 uolgare,
581 1610 624 1645 et
654 1602 793 1643 molto
824 1601 1044 1643 uirtuoso.
1072 1602 1240 1644 L'altro
1277 1601 1299 1644 ὲ
1335 1600 1536 1643 Antonio
1565 1600 1766 1655 Casario‚

125 1686 281 1721 tenuto
306 1694 383 1734 per
407 1680 546 1721 molto
570 1681 695 1721 dotto
719 1679 762 1720 in
788 1680 946 1722 lettere
970 1680 1184 1722 humane.

214 1767 285 1810 35.
352 1757 384 1798 Il
410 1758 476 1811 3.0
499 1757 523 1799 e
548 1757 799 1800 Benedetto
822 1756 1127 1809 Giustiniano,
1153 1755 1304 1798 nobile
1334 1769 1551 1811 genuese,
1585 1755 1628 1795 di
1659 1768 1768 1809 qua-

121 1832 199 1877 lita
222 1835 360 1876 molto
383 1848 481 1876 rare
504 1834 549 1876 in
569 1833 705 1885 uirus,
728 1833 931 1889 ingegno
956 1841 1001 1877 et
1031 1833 1176 1889 gratia
1209 1848 1286 1889 per
1316 1833 1345 1875 il
1374 1832 1559 1876 seruitio
1590 1831 1765 1874 diuino.

212 1912 281 1966 36.
351 1912 383 1953 Il
412 1911 498 1965 4⁰,
529 1911 684 1955 Giulio
720 1912 959 1962 Fantucci,
996 1911 1148 1954 nobile
1178 1911 1446 1966 bolognese,
1479 1916 1523 1952 et
1552 1909 1596 1950 di
1630 1909 1770 1950 molta

127 1988 444 2044 espettatione.
479 1989 641 2044 Questi
678 1990 767 2032 due
801 1988 1203 2032 medesimamente
1236 2002 1440 2031 uennero
1472 1987 1543 2030 del
1578 1985 1770 2041 collegio

124 2066 387 2122 germanico
425 2081 510 2109 con
542 2066 723 2109 licentia
752 2067 808 2109 de
838 2066 937 2109 suoi
971 2067 1113 2122 padri,
1149 2073 1194 2110 et
1218 2081 1296 2122 per
1319 2067 1358 2109 la
1381 2065 1535 2108 diuota
1557 2062 1769 2106 instantia

121 2144 209 2186 Che
233 2144 468 2198 faceuam,
497 2143 619 2186 udita
643 2145 683 2187 la
707 2144 946 2195 rhetorica,
974 2143 1010 2186 si
1035 2143 1308 2188 riceuettero
1327 2142 1469 2199 prima
1492 2143 1576 2184 che
1599 2139 1766 2183 eomin-

122 2220 318 2264 ciassero
341 2221 368 2262 il
393 2235 541 2264 cors0.

213 2308 290 2352 37.
358 2299 390 2340 Il
421 2300 488 2352 5.0
516 2299 541 2341 e
575 2299 769 2341 un'altro
802 2299 1029 2342 Stanislao
1062 2299 1116 2351 ¹⁶,
1152 2300 1338 2354 polono,
1372 2298 1510 2340 molto
1539 2297 1710 2348 nobile,
1739 2295 1767 2337 il

123 2376 255 2430 quale
278 2377 439 2418 stando
464 2376 508 2418 in
533 2376 710 2419 Vienna
734 2392 758 2418 a
781 2377 981 2419 studiare
1005 2378 1078 2421 nel
1103 2385 1260 2419 nostro
1284 2375 1493 2431 collegio,
1519 2382 1563 2418 et
1587 2388 1676 2416 non
1700 2387 1767 2416 es-

122 2452 264 2494 sendo
285 2453 411 2506 quiui
436 2453 643 2496 riceuuto
662 2469 742 2509 per
773 2469 861 2496 non
888 2456 1029 2497 hauer
1053 2454 1233 2498 licentia
1269 2455 1323 2495 da
1349 2467 1432 2496 suo
1457 2453 1608 2508 padre,
1636 2465 1683 2492 se
1712 2465 1767 2492 ne

126 2543 273 2572 uenne
298 2545 375 2585 per
403 2530 472 2573 uia
495 2531 612 2574 della
641 2531 846 2587 superior
875 2532 1122 2575 Germania
1145 2547 1170 2574 a
1204 2533 1361 2582 Roma,
1393 2529 1519 2585 quasi
1544 2541 1718 2582 sempre
1742 2541 1766 2567 a

123 2606 256 2660 piedi;
279 2615 323 2648 et
341 2609 542 2650 secondo
562 2609 602 2650 la
621 2623 794 2664 pruoua
805 2610 893 2652 che
914 2610 969 2662 fa,
989 2609 1025 2652 si
1046 2611 1135 2664 puo
1154 2609 1198 2650 di
1216 2608 1278 2650 lui
1298 2621 1477 2662 sperare
1502 2604 1610 2660 ogni
1629 2605 1761 2646 bene.

177 2785 206 2804 ¹⁴
256 2784 355 2820 Ibid.
375 2785 423 2820 ad
451 2785 555 2820 diem
580 2785 601 2820 3
626 2786 716 2832 Maji
741 2792 947 2821 annotatur
973 2786 1154 2822 Cornelio
1178 2786 1418 2829 Simberger‚
1441 2788 1480 2817 et
1500 2779 1679 2827 sequenti
1701 2778 1765 2812 die

124 2843 259 2878 Mattia
278 2844 492 2880 Marconer.

177 2903 205 2923 ¹5
256 2904 355 2943 Ibid.
376 2905 423 2939 ad
441 2905 544 2940 diem
564 2914 605 2951 19
621 2906 871 2951 Novembris,
891 2906 1103 2941 Zaccheria
1121 2904 1170 2939 de
1189 2905 1275 2949 Vai,
1297 2905 1350 2938 al.
1376 2903 1520 2938 Greco.

172 2964 201 2983 ¹⁶
257 2964 300 2999 In
320 2967 493 3010 margine
512 2964 698 3011 scriptum
717 2972 777 3000 est
798 2966 964 3000 Koscha.
982 2965 1025 2999 In
1044 2967 1164 2999 citato
1182 2965 1295 2998 catal.
1317 2962 1364 2997 ad
1382 2962 1485 2997 diem
1502 2970 1545 3004 25
1564 2955 1766 2999 Octobris,

125 3022 319 3058 Stanislao
340 3025 501 3060 Kostka.
523 3024 560 3059 Is
579 3025 759 3060 nimirum
778 3025 844 3070 qui
864 3029 1179 3059 «consummatus
1206 3023 1243 3057 in
1270 3022 1418 3063 brevi»,
1446 3018 1702 3055 immortalem
1723 3021 1763 3049 et

126 3081 200 3116 sibi
215 3087 254 3117 et
273 3083 471 3118 Ecclesiae
491 3084 642 3130 peperit
658 3085 835 3129 gloriam.
