1891 3292
272 238 315 272 25
328 228 348 261 8
776 228 963 262 POLANCI
990 238 1304 263 COMPLEMENTA

228 337 316 371 tate
338 337 472 384 atque
495 330 700 383 exemplo
722 337 934 372 nutantes
963 330 1247 381 confirmant,
1274 330 1486 371 seductos
1518 339 1749 381 reuocant,
1776 335 1847 375 uel

225 407 381 449 saltem
405 405 613 448 dubitare
635 407 690 448 de
715 392 898 461 perfidia
923 407 1109 448 faciunt.

266 536 269 539 y
312 483 385 525 Ad
409 484 488 524 has
511 482 709 525 rationes
738 483 925 533 accedit,
957 497 1080 537 spem
1109 481 1421 524 conuersionis
1449 483 1735 536 germanicae
1770 499 1847 526 nu-

224 558 375 612 triens,
404 573 568 613 magna
590 559 917 614 episcoporum,
943 559 1258 613 praelatorum,
1290 558 1741 612 rerumpublicarum,
1770 560 1845 602 im-

222 635 456 689 peratoris,
485 635 748 690 principum,
773 635 1005 686 comitum,
1038 636 1277 685 baronum,
1312 641 1448 688 atque
1477 634 1692 676 nobilium
1725 635 1842 679 uiro-

224 726 321 753 rum
355 711 459 754 fidei
491 711 740 767 integritas:
777 726 966 766 quorum
998 725 1214 753 numerus
1244 718 1380 763 certe,
1414 711 1594 753 Christo
1618 713 1732 764 laus,
1757 727 1844 756 ma-

219 802 338 843 gnus
367 797 434 831 est
462 791 505 830 in
535 788 793 840 Germania;
831 796 874 831 et
903 788 1005 831 licet
1036 803 1125 830 non
1156 787 1297 829 ausim
1328 787 1477 830 dicere
1506 788 1717 831 maiorem
1743 804 1845 834 esse

220 864 562 916 haereticorum,
590 880 722 919 quarn
745 865 1069 906 catholicorum
1100 878 1335 905 numerum
1373 864 1595 919 (quamuis
1624 866 1710 907 hoc
1742 880 1846 909 con-

221 948 325 993 stet,
347 942 465 995 quod
484 942 632 996 plures
649 941 897 984 secundum
915 955 1094 983 carnem
1115 941 1287 993 uiuant,
1303 949 1347 984 et
1364 941 1671 995 euangelicam
1692 941 1842 986 uiuen-

219 1018 262 1059 di
286 1018 552 1068 libertatem,
581 1025 628 1059 ut
650 1019 912 1071 loquuntur,
939 1025 1205 1071 sequantur,
1234 1031 1365 1071 quam
1393 1017 1612 1060 ecclesiae
1635 1019 1842 1072 praescri-

222 1103 318 1149 ptas
341 1095 495 1149 leges),
518 1094 790 1149 potentiores
814 1080 976 1136 tamem
1001 1094 1244 1135 catholicos
1267 1109 1365 1136 esse
1388 1093 1536 1136 dicere
1560 1095 1722 1145 audeo,
1743 1095 1842 1138 licet

221 1170 464 1212 timidiores
485 1170 589 1221 sint,
617 1185 749 1224 quam
768 1185 846 1225 par
865 1178 947 1221 est,
969 1171 1088 1224 quod
1108 1170 1254 1213 desint
1280 1170 1354 1224 qui
1379 1171 1589 1213 latentem
1615 1171 1747 1212 fidem
1772 1186 1842 1214 ex-

221 1247 359 1289 citent
382 1255 425 1288 et
448 1246 666 1290 animent.

306 1324 555 1374 Postremo,
581 1322 747 1377 optime
771 1330 818 1364 ut
847 1337 1077 1377 speremus
1107 1323 1161 1365 de
1189 1322 1433 1365 Germania
1466 1323 1571 1364 facit
1600 1325 1835 1367 multorum

213 1402 432 1441 bonorum
456 1399 673 1450 uirorum,
694 1399 1150 1453 archiepiscoporum,
1173 1399 1483 1450 cardinalium,
1508 1400 1644 1441 immo
1663 1409 1706 1443 et
1723 1415 1836 1443 sum-

215 1476 272 1517 mi
296 1475 518 1530 pontificis
542 1475 708 1517 Christi
734 1475 884 1517 vicarii
907 1475 1106 1516 studium
1131 1484 1174 1517 et
1199 1476 1410 1517 uoluntas
1440 1475 1624 1518 iuuandi
1656 1477 1836 1519 Germa-

216 1553 350 1604 niam;
388 1561 442 1594 utv
469 1553 598 1593 nobis
629 1554 900 1606 patefactum
937 1551 1019 1592 fuit
1055 1566 1129 1606 per
1164 1552 1383 1595 diuersos.
1418 1553 1513 1594 Nisi
1542 1553 1661 1594 enirn
1693 1554 1837 1597 denuo

216 1630 348 1672 uellet
386 1629 510 1672 Deus
547 1629 719 1683 operari
758 1629 945 1670 salutem
984 1628 1028 1669 in
1067 1628 1215 1671 medio
1253 1628 1448 1670 nationis
1481 1629 1615 1670 huius
1657 1644 1832 1683 prauae,

212 1719 457 1759 numquam
491 1705 583 1747 suis
616 1704 829 1745 ministris
857 1704 1111 1746 huiusmodi
1143 1704 1414 1747 desiderium
1447 1705 1722 1760 inspirasset;
1759 1720 1837 1749 nec

215 1790 279 1823 tot
314 1782 358 1822 in
391 1789 587 1822 nostram
620 1781 893 1824 Societatem
927 1789 1110 1824 uocaret
1147 1781 1307 1823 milites
1341 1795 1599 1836 germanos,
1635 1782 1671 1824 si
1703 1783 1834 1824 nollet

214 1859 378 1899 bellum
402 1857 629 1912 suscipere
658 1865 811 1900 contra
843 1858 1180 1900 mendaciorum
1211 1866 1439 1900 auctorem
1469 1860 1729 1910 Sathanam,
1763 1858 1834 1913 qui

213 1934 419 1976 resistere
442 1934 643 1988 nequibit
669 1935 779 1976 Deo.

301 2010 416 2064 Quis
438 2010 494 2051 sit
519 2009 747 2064 religionis
769 2010 1020 2053 catholicae
1044 2025 1121 2065 per
1150 2010 1440 2052 Germaniam
1463 2018 1608 2052 status
1640 2011 1682 2052 in
1714 2026 1830 2065 prae-

212 2086 473 2136 sentiarum,
509 2095 553 2126 et
586 2100 700 2139 quae
732 2101 832 2140 spes
860 2086 1138 2128 instaurandi
1169 2101 1284 2140 eam,
1311 2087 1396 2136 iam
1426 2087 1646 2130 intellexit
1678 2089 1728 2129 R.
1756 2089 1828 2139 V.;

211 2176 331 2203 nunc
364 2162 572 2203 indicabo
601 2162 746 2206 media
776 2172 819 2205 et
849 2163 1044 2204 rationes
1073 2163 1236 2217 quibus
1259 2177 1346 2218 ego
1376 2163 1674 2206 existimarem
1706 2177 1830 2219 posse

210 2239 364 2292 augeri
388 2247 431 2280 et
455 2238 710 2280 conseruari
734 2239 866 2279 fidem
891 2239 1158 2280 catholicam
1182 2239 1226 2280 in
1250 2240 1510 2291 Germania3
1536 2248 1579 2282 et
1603 2240 1829 2282 breuitatis

209 2328 342 2356 causa
367 2314 410 2356 in
442 2327 489 2356 12
514 2314 659 2369 capita
681 2314 753 2356 illa
778 2316 996 2369 redigam.

297 2391 495 2433 Primum
527 2391 744 2441 omnium,
777 2392 1005 2445 expediret
1034 2406 1142 2433 suae
1172 2392 1425 2434 sanctitatis
1456 2393 1724 2435 auctoritate
1752 2406 1826 2447 pu-

208 2467 345 2509 blicas
369 2467 505 2508 totius
527 2468 742 2510 ecclesiae
767 2482 921 2522 preces
938 2476 980 2511 et
999 2468 1163 2510 ieiunia
1186 2468 1321 2509 indici
1347 2484 1426 2524 pro
1449 2469 1743 2511 conuersione
1766 2469 1825 2509 in—

210 2544 404 2586 fidelium
434 2551 569 2598 atque
592 2551 896 2598 peccatorum,
924 2545 1044 2586 nulla
1070 2545 1185 2586 facta
1211 2545 1438 2587 mentione
1463 2545 1657 2587 nationis
1679 2545 1821 2595 huius;

180 2657 182 2662 .
208 2634 400 2674 cumque
422 2634 477 2662 ex
500 2619 645 2661 officio
668 2619 729 2660 illi
751 2620 980 2661 incumbat
1005 2620 1137 2662 etiam
1163 2636 1240 2662 eos
1262 2621 1338 2674 qui
1369 2622 1599 2664 Christum
1630 2621 1820 2663 nondum

209 2704 449 2751 mouerunt,
475 2697 530 2739 ad
552 2696 685 2738 fidem
709 2710 884 2748 uocare,
909 2698 1079 2750 absque
1102 2697 1220 2738 omni
1241 2698 1495 2753 suspicione
1519 2700 1633 2740 mala
1657 2711 1820 2751 germa-

212 2786 384 2823 norum,
410 2786 511 2814 curn
537 2786 702 2826 magno
726 2773 892 2826 fructu,
921 2781 966 2813 ut
996 2774 1283 2827 sperandum,
1317 2774 1471 2816 diuina
1499 2775 1674 2816 bonitas
1703 2774 1819 2815 inuo-

207 2856 382 2891 caretur
411 2849 466 2890 ad
494 2847 842 2890 misericordiam
877 2863 1002 2889 suam
1035 2849 1358 2891 restituendam
1391 2851 1679 2905 Germaniae,
1713 2862 1820 2903 quae

209 2924 386 2967 uidetur
409 2924 568 2979 agitari
591 2925 799 2979 malignis
821 2924 1066 2979 spiritibus,
1093 2926 1168 2980 qui
1192 2940 1279 2967 non
1306 2926 1390 2968 nisi
1418 2927 1619 2969 oratione
1647 2933 1692 2968 et
1719 2924 1817 2967 ieiu-

210 3001 282 3043 nio
307 3001 491 3056 fugandi
515 3008 648 3056 atque
670 3000 875 3044 eiiciendi
901 3001 1100 3043 fortassis
1123 3001 1228 3043 sint.
