1891 3292
565 175 1071 212 EPHEMERIDEs.-MART.
1106 177 1194 220 1558
1577 179 1646 222 619

59 278 263 322 mulieres
281 290 335 320 ex
351 275 515 317 vicinia
533 282 702 317 nostra.
725 277 922 318 Dextere
943 285 1092 320 tamen
1110 279 1286 320 censuit
1305 272 1347 320 id
1366 280 1591 331 agendum
1615 287 1686 322 mm.

149 337 199 379 18
227 336 362 378 huius
392 336 445 378 R.
482 336 534 377 P.
565 333 761 375 vicarius
792 336 902 377 mira
931 336 1137 379 libertate
1166 345 1209 379 et
1242 331 1421 379 feruore
1451 339 1687 380 conciona—

61 406 130 440 tus
151 402 237 437 est.

149 468 200 510 19
222 453 356 496 huius
387 454 438 496 P.
471 452 713 495 Cornelius
742 452 898 494 docuit
929 468 998 495 me
1030 468 1113 495 suo
1147 456 1354 509 exemplo
1385 456 1473 496 cito
1505 470 1690 510 pergere

58 528 134 570 per
155 515 328 568 plateas
351 519 395 554 et
420 512 646 553 feruidum
670 525 769 553 esse
794 511 836 552 in
863 512 1068 565 agendis.
1098 515 1204 555 Item
1231 514 1408 556 dicebat
1432 515 1484 556 iis
1509 515 1581 568 qui
1604 529 1690 555 non

59 573 222 616 vellent
247 573 396 614 facere
420 571 505 613 nisi
529 571 651 624 quod
674 571 861 624 regulae
886 572 1070 613 habent:
1105 587 1192 613 non
1217 574 1452 615 comedere
1477 574 1694 615 deberent

58 632 91 675 si
116 630 223 686 quid
245 629 652 673 extraordinarium
678 637 998 684 apponeretur.
1027 632 1152 680 Item,
1180 632 1278 673 illos
1302 632 1375 685 qui
1395 633 1693 686 expediuntur

57 715 114 722 —-
135 716 192 721 —
213 704 391 745 semper
414 703 504 731 non
529 704 628 732 esse.
657 714 715 718 ——
737 714 794 717 —
818 695 862 729 et
887 689 1195 731 mortificatos.
1230 692 1336 732 Item
1371 691 1468 732 illos
1491 693 1564 744 qui
1590 691 1692 732 alio-

58 764 155 793 rum
178 764 334 791 curam
355 755 522 801 gerunt
545 749 616 791 vel
640 747 950 790 confessiones
973 748 1177 799 audiunt,
1204 758 1246 790 et
1270 751 1416 791 adhuc
1440 761 1544 791 sunt
1568 751 1692 791 inex-

58 808 185 865 perti,
221 823 320 851 esse
359 808 574 850 continue
602 822 709 850 vere
739 814 960 861 martyres
991 808 1161 861 absque
1192 808 1427 862 sanguinis
1455 809 1690 851 effusione.

36 870 168 926 *Item
201 868 247 908 in
281 867 491 909 omnibus
525 877 703 921 semper
736 872 836 909 esse
868 866 1077 908 standum
1114 881 1247 920 quam
1284 868 1608 921 perfectissime
1641 869 1695 909 ad

58 927 340 971 obedientiae
364 934 543 980 nutum,
571 925 952 980 quemadmodum
977 925 1072 980 ipse
1096 927 1264 969 fecerat
1288 926 1330 967 in
1365 926 1556 981 negocio
1580 941 1691 968 con—

59 987 349 1030 iurationum.

146 1058 200 1088 20
223 1045 376 1097 huius,
406 1047 457 1087 P.
486 1043 752 1088 Madridius:
776 1042 971 1085 Licitum
996 1051 1063 1084 est
1091 1044 1169 1085 tibi
1189 1044 1232 1085 in
1256 1045 1449 1097 collegio
1473 1043 1694 1099 germani-

61 1119 112 1148 co
159 1105 421 1159 dispensare
455 1104 703 1146 domestica
732 1111 777 1145 et
810 1102 983 1144 leuiora
1012 1118 1127 1156 quae
1157 1105 1212 1144 ad
1242 1098 1530 1146 deuotionem
1565 1103 1695 1157 perti-

60 1172 182 1208 nent.
211 1163 489 1219 Diligentius
513 1162 755 1206 exercendi
778 1169 821 1203 et
846 1163 1203 1217 reprehendendi
1229 1171 1334 1204 sunt
1355 1163 1493 1204 nostri
1519 1169 1698 1217 propter

60 1223 246 1266 aliorum
270 1223 647 1274 aedificationem,
670 1220 883 1264 adhibitis
905 1221 1038 1262 etiam
1058 1222 1360 1275 poenitentiis.
1384 1221 1561 1275 Reliqui
1586 1220 1698 1263 reni-

64 1290 209 1325 tentes
227 1298 316 1324 non
341 1294 565 1335 cogantur
589 1296 722 1336 quam
749 1282 869 1334 quod
893 1288 961 1322 est
986 1280 1029 1321 in
1060 1282 1245 1332 regulis.
1274 1282 1515 1323 Caeterum
1548 1281 1698 1322 nullus

62 1342 383 1385 intermittatur
409 1341 508 1398 [sic]
531 1341 796 1383 exercitium
822 1340 1136 1393 concionandi,
1160 1342 1281 1394 quod
1312 1342 1531 1383 hactenus
1548 1340 1696 1381 obser-

64 1409 220 1444 uatum
246 1409 329 1444 est.

35 1467 40 1472 '
149 1473 200 1503 21
229 1460 365 1502 huius
388 1468 432 1502 et
458 1471 529 1510 22,
559 1460 608 1502 P.
637 1459 904 1502 Madridius:
933 1459 1088 1512 Quum
1118 1458 1285 1512 aliquid
1316 1457 1583 1499 turbationis
1609 1472 1696 1500 me-

64 1519 218 1571 tuitur,
246 1519 581 1575 praeuenienda
606 1526 673 1561 est
705 1518 911 1569 tentatiO,
939 1531 996 1559 ne
1019 1518 1107 1558 vlla
1130 1518 1366 1573 contingat
1398 1516 1696 1559 exacerbatio

96 1594 101 1595 ⁷
150 1591 205 1633 23
229 1579 380 1634 huius,
411 1580 462 1622 Ρ.
494 1577 760 1621 Madridius:
794 1578 1140 1632 Respondeatur
1171 1585 1217 1618 vt
1246 1577 1471 1631 intelligat
1502 1590 1592 1616 non
1619 1590 1702 1616 nos

61 1639 289 1682 sollicitari
312 1640 367 1681 de
395 1637 537 1693 ipsius
565 1637 815 1689 mansione,
850 1645 894 1680 et
923 1638 1100 1691 culpam
1133 1651 1180 1678 se
1210 1651 1421 1691 magnam
1457 1636 1624 1677 habere
1658 1633 1701 1676 in

63 1698 148 1740 hoc
168 1698 370 1753 negotio.

150 1759 202 1799 Ρ.
234 1757 490 1800 Cornelius:
526 1755 775 1798 Maximum
806 1754 1180 1810 impedimentum
1214 1755 1444 1809 profectus
1473 1761 1558 1803 est,
1585 1754 1703 1806 quod

35 1817 233 1871 -possint
256 1817 461 1872 germani
491 1829 708 1858 accusare
739 1814 1087 1864 confessarium,
1115 1814 1149 1854 si
1180 1814 1353 1856 directe
1382 1814 1453 1855 vel
1485 1812 1705 1855 indirecte

60 1877 116 1918 ad
138 1883 306 1918 statum
330 1875 623 1931 perfectionis
646 1875 748 1916 illos
772 1882 967 1917 conetur
990 1874 1188 1916 allicere.

149 1936 206 1977 26
229 1936 364 1977 huius
390 1937 440 1977 P.
469 1934 711 1977 Cornelius
740 1933 920 1975 dicebat
945 1933 1083 1988 quod,
1111 1947 1192 1987 pro
1218 1931 1484 1974 inductione
1514 1931 1703 1973 aliorum

60 1994 115 2036 ad
139 1995 491 2045 confessionem,
513 1992 826 2051 conducerem
844 1993 880 2034 si
899 1992 1010 2036 certi
1030 1991 1214 2033 omnino
1233 1991 1532 2034 redderentur
1553 1989 1697 2045 poeni-

60 2061 205 2097 tentes
242 2055 363 2119 quod
386 2068 475 2095 non
496 2053 745 2109 prodentur
769 2053 947 2094 illorum
974 2059 1176 2107 peccata,
1203 2058 1248 2092 et
1280 2051 1403 2104 quod
1427 2059 1608 2105 propter
1634 2049 1707 2090 illa

61 2127 147 2154 non
176 2114 440 2167 punientur.

146 2185 218 2226 27.
246 2175 292 2215 In
317 2172 560 2228 collegium
586 2172 899 2225 Germanicum
924 2185 1013 2212 non
1046 2177 1114 2213 est
1148 2169 1438 2235 recipiendus
1469 2168 1705 2222 quisquam

62 2231 136 2285 qui
164 2240 342 2274 tantum
368 2248 422 2264 Α-
446 2256 503 2262 —-
531 2207 620 2273 illic
650 2232 839 2282 habens,
879 2230 1063 2272 aliunde
1097 2229 1287 2284 accipiat
1320 2228 1587 2283 portionem,
1625 2239 1709 2267 nec

60 2290 191 2333 etiam
216 2291 480 2346 accipienda
504 2300 571 2334 est
603 2290 748 2345 portio
780 2289 933 2356 palatii
966 2304 1046 2344 pro
1078 2296 1205 2343 parte
1234 2288 1489 2330 solutionis:
1524 2287 1618 2327 ines
1602 2292 1639 2326 t
1672 2293 1710 2309 ¹¹¹¹

60 2350 146 2392 hoc
163 2366 376 2405 expresse
398 2376 450 2382 -
470 2375 526 2381 ——
545 2374 603 2381 -—
622 2349 834 2391 mulieres
854 2349 969 2391 istae
990 2363 1067 2403 per
1086 2349 1439 2402 gubernatorem
1464 2346 1499 2387 si
1520 2346 1707 2393 instent,

57 2408 231 2452 dicatur
256 2418 439 2465 propter
463 2409 730 2451 insolentias
753 2409 935 2450 illarum
960 2410 1045 2449 hoc
1070 2408 1181 2448 fieri.
1211 2408 1324 2449 Fere
1357 2420 1439 2446 nos
1468 2410 1709 2446 contentos

58 2468 166 2524 fore,
193 2470 229 2511 si
253 2472 444 2512 honeste
465 2470 621 2511 viuant
645 2470 819 2522 absque
844 2468 1072 2519 cantibus,
1100 2474 1204 2518 etc,
1231 2474 1275 2507 et
1300 2465 1355 2506 ad
1388 2465 1609 2506 fenestras
1635 2477 1708 2517 ap-

61 2537 228 2582 ponant
253 2529 462 2586 [valvas?]
490 2543 607 2582 quae
633 2542 872 2581 nunquam
898 2527 1176 2582 aperiantur.

146 2589 247 2630 Non
272 2596 341 2630 est
365 2596 456 2630 tam
480 2595 604 2630 arcte
628 2587 937 2629 continendus
961 2585 1208 2651 Antonius,
1236 2583 1339 2637 quia
1364 2584 1511 2623 bonus
1533 2588 1618 2622 est.

149 2649 199 2689 P.
228 2647 485 2690 Cornelius:
520 2648 567 2689 In
598 2646 829 2701 emptione
861 2646 950 2688 vini
983 2644 1264 2699 potissimum
1300 2641 1594 2696 spectandum
1630 2645 1712 2689 est,

61 2713 107 2746 vt
139 2706 196 2748 sit
231 2708 345 2749 forte
383 2714 428 2749 et
468 2707 657 2759 bonum,
692 2706 827 2760 quod
875 2705 1064 2746 multum
1110 2699 1270 2758 aquale
1276 2701 1288 2757 ]
1325 2701 1513 2742 sufferre
1550 2697 1709 2754 possit

59 2764 234 2807 etiamsi
259 2766 495 2820 aliquanto
518 2765 670 2807 carius
694 2771 894 2808 ematur.

150 2825 204 2867 28
234 2825 373 2868 huius
404 2827 457 2868 P.
495 2825 739 2868 Cornelius
770 2824 949 2865 dicebat
984 2821 1262 2875 loquendum
1304 2832 1405 2861 esse
1439 2831 1574 2872 saepe
1610 2830 1712 2858 cum

132 2979 190 2997 mm
240 2969 318 3003 Hic
337 2980 426 3006 ms..
420 2969 511 3003 ‘De
532 2979 666 3002 mense
687 2966 797 3002 Iulio.
829 2966 930 3000 Tum
949 2966 991 2999 id
1011 2965 1114 3009 quod
1132 2964 1185 2997 ad
1203 2964 1307 2997 diem
1330 2971 1374 2996 Ι]
1375 2962 1592 3005 ”pertham
1615 2961 1717 3005 quod

64 3017 228 3062 quidem
247 3028 316 3050 suo
335 3017 416 3052 loco
436 3017 626 3051 iteratur.
652 3014 716 3058 Cf.
740 3019 865 3059 supra
884 3016 1023 3047 annot.
1045 3022 1066 3045 o
1084 3015 1120 3044 et
1139 3009 1182 3045 ii.
1240 3020 1326 3036 ..nn
1357 3009 1533 3045 Obscura
1552 3008 1679 3043 lectio.
