2045 3353
818 268 1061 294 PRAEFATIO
1669 269 1711 294 XI

126 376 247 413 vero,
271 370 319 403 ut
336 362 393 404 de
410 361 589 404 Gandia
609 369 797 412 taceam,
825 361 868 402 in
895 361 1173 403 messanensi
1197 361 1388 415 collegio
1413 361 1591 403 scholae
1611 376 1757 415 gram·

124 438 309 482 matices
331 453 450 480 anno
480 438 588 491 1548
614 438 850 492 incoeptae
873 447 994 480 sunt.
1023 439 1093 479 Cf.
1130 440 1338 480 POLANCI
1369 437 1558 491 Clmfon„
1593 437 1626 488 I,
1650 439 1757 480 281-

126 515 226 557 282.
254 514 624 569 Quare-fortasse
649 528 738 555 non
763 514 846 557 erit
874 514 1159 556 temerarium
1187 528 1387 556 asserere
1417 513 1601 555 Polanci
1629 514 1757 555 [ndu-

123 592 254 634 strias
276 606 394 635 anno
424 592 548 645 1548,
573 599 650 634 aut
673 591 859 633 ineunte
890 601 1001 647 1549
1024 590 1216 646 scriptas
1248 590 1402 632 fuisse.

440 712 644 753 IV.—DE
677 724 864 752 ALTERA
901 723 1041 752 SERIE
1076 722 1441 753 INDUSTRIARUM

215 825 275 867 Ut
298 823 505 878 superius
528 823 740 873 diximus,
770 822 877 863 nihil
902 822 1023 864 aiiud
1046 831 1152 864 sunt
1178 822 1261 864 nisi
1293 822 1363 878 93²
1393 837 1448 864 ex
1487 835 1553 873 12,
1587 810 1763 878 separa-

127 901 203 942 tim
232 901 367 944 edita.
402 901 610 943 Fortasse
634 915 737 942 cum
766 900 812 940 id
840 913 976 954 agere
999 900 1199 942 decrevit
1228 901 1470 953 potamus,
1507 914 1604 941 earn
1637 900 1762 942 auxit

124 987 168 1020 et
192 978 500 1033 locupletavit3
524 992 679 1019 verum
704 992 783 1019 sex
802 986 952 1032 partes
972 977 1138 1031 quibus
1160 984 1355 1029 constat,
1375 977 1468 1031 jam
1489 977 1532 1018 in
1553 985 1765 1032 autogra-

127 1057 217 1111 pho
246 1056 290 1096 in
321 1070 441 1097 nona
470 1054 744 1098 indicantur.
786 1056 887 1097 Hae
926 1069 1002 1097 sex
1038 1054 1288 1096 industriae
1320 1054 1465 1109 magis
1497 1063 1629 1096 notae
1659 1063 1765 1096 sunt

125 1148 258 1187 quain
284 1133 468 1188 priinae3
497 1147 597 1174 narn
624 1140 935 1186 praeterquam
961 1133 1082 1186 quod
1107 1133 1236 1187 plura
1259 1147 1413 1174 earum
1440 1146 1576 1173 manu
1597 1132 1764 1187 scripta

126 1210 311 1265 hispana
335 1209 646 1260 inveniuntur,
680 1224 927 1252 conversae
957 1209 1090 1252 etiarn
1125 1218 1229 1250 sunt
1254 1209 1296 1250 in
1324 1209 1513 1251 latinum
1538 1218 1581 1251 et
1611 1209 1763 1251 itaium

126 1302 394 1331 sermonem.
431 1287 590 1330 Versio
628 1286 793 1338 italica,
828 1294 876 1328 ut
920 1287 963 1327 in
1004 1286 1174 1328 codicis
1211 1287 1516 1341 descriptione
1545 1287 1763 1341 dicemus,

124 1364 233 1407 satis
272 1364 457 1418 antiqua
496 1364 690 1406 videtur.
729 1365 866 1418 Quod
900 1364 1048 1407 dicere
1084 1379 1171 1405 non
1207 1365 1428 1407 audemus
1467 1364 1522 1406 de
1563 1364 1769 1407 versione

126 1442 276 1494 latina,
306 1442 438 1496 cujus
472 1443 678 1496 exempla
711 1441 1043 1496 lithographice
1079 1441 1296 1496 impressa
1338 1442 1617 1496 prodierunt,
1655 1456 1764 1497 sup—

125 1534 280 1575 presso
304 1518 392 1560 loci
422 1529 466 1560 et
497 1518 700 1560 auctoris
730 1519 949 1561 versionis
980 1519 1180 1569 nominc,
1214 1534 1333 1560 anno
1365 1520 1492 1573 1873,
1521 1510 1638 1574 typis
1663 1533 1769 1560 vero

125 1596 377 1639 Cracoviae
405 1611 524 1637 anno
562 1597 686 1650 1883.
722 1597 855 1638 Hanc
880 1598 1082 1647 alteram,
1110 1596 1146 1637 si
1172 1596 1282 1638 fides
1310 1596 1516 1638 habenda
1552 1605 1619 1639 est
1648 1597 1767 1638 Patri

126 1674 485 1729 Sornrnervogei,
511 1674 650 1715 edidit
678 1675 728 1716 P.
759 1675 809 1715 R.
842 1675 1018 1728 Hoppe.
1050 1675 1253 1727 Utraque
1277 1674 1416 1715 editio
1439 1674 1664 1715 destinata
1687 1674 1768 1715 fuit

125 1752 180 1793 ad
205 1751 427 1806 privatum
450 1766 579 1793 usurn
608 1759 880 1802 nostroru1n3
909 1766 1054 1805 neque
1079 1751 1121 1793 in
1146 1752 1210 1793 eis
1235 1751 1459 1793 indicatur
1478 1753 1621 1793 codex
1648 1752 1788 1797 unde>

125 1829 390 1883 desumptae
413 1829 518 1881 sint,
548 1843 695 1883 neque
722 1837 869 1873 [rtrum
895 1829 1041 1871 versio
1065 1830 1248 1884 antiqua
1274 1830 1328 1871 sit
1353 1845 1409 1871 an
1436 1844 1609 1872 recens.

216 1906 288 1948 Ad
313 1907 395 1948 has
417 1921 495 1949 sex
519 1906 761 1948 industrias
793 1907 936 1961 inagis
967 1908 1250 1961 pervolgatas
1276 1908 1510 1949 referenda
1537 1914 1642 1948 sunt
1673 1907 1764 1948 duo

125 1983 620 2038 antiqua'insigniaque
646 1983 919 2035 testimonia,
947 1999 1062 2038 quae
1086 1985 1158 2026 hic
1183 1984 1439 2027 exscribere
1470 1999 1558 2026 non
1591 1985 1673 2027 erit
1704 1984 1767 2025 in-

125 2069 321 2116 gratum.
356 2060 553 2102 Primum
577 2070 645 2103 est
674 2063 722 2103 P.
749 2060 870 2103 Petri
894 2061 950 2104 de
977 2061 1288 2113 Ribadeneira,
1314 2061 1390 2116 qui
1411 2062 1455 2103 in
1475 2063 1695 2116 opusculo
1714 2062 1769 2104 de

127 2139 259 2179 modo
278 2138 562 2192 gubernandi
583 2138 735 2181 Sancti
760 2139 963 2180 Parentis
985 2138 1144 2193 Ignatii
1169 2138 1217 2190 ¹⁰,
1239 2139 1281 2180 in
1302 2140 1390 2182 fine
1409 2139 1567 2193 capitis
1584 2140 1636 2190 V,
1657 2140 1768 2181 haec

127 2215 249 2257 dicit:
287 2217 364 2257 «El
408 2216 552 2258 Padre
595 2218 792 2259 Maestro
838 2217 1033 2258 Polanco
1073 2217 1266 2258 escribio
1302 2218 1494 2271 algunas
1525 2215 1768 2257 industrias

128 2308 231 2348 para
253 2299 443 2335 ensenar
468 2296 598 2335 corno
628 2308 675 2334 se
706 2295 793 2334 han
825 2294 880 2334 de
914 2295 1049 2335 haber
1074 2295 1140 2335 los
1169 2295 1224 2335 de
1256 2295 1293 2335 la
1325 2295 1576 2348 Compariia
1602 2308 1688 2347 que
1722 2308 1768 2335 se

127 2384 305 2425 ocupan
331 2385 415 2411 con
439 2371 505 2411 los
531 2371 743 2425 prdjirnos
768 2386 872 2425 para
898 2386 1052 2425 mayor
1071 2371 1263 2413 servicio
1287 2371 1441 2412 divino
1458 2384 1485 2425 y
1506 2371 1606 2412 bien
1632 2371 1769 2412 delas

128 2448 283 2499 almas;
309 2451 372 2489 las
396 2449 548 2490 cuales
572 2449 754 2503 recogio
777 2449 832 2491 de
856 2450 898 2489 lo
922 2464 1009 2503 que
1034 2449 1107 2491 vio
1131 2464 1219 2504 que
1247 2449 1385 2490 usaba
1418 2456 1604 2490 nuestro
1635 2448 1764 2490 pien-

127 2526 409 2568 aventurado
435 2526 592 2577 Padre,
616 2540 644 2580 y
663 2526 718 2566 de
744 2527 806 2567 ias
830 2526 1163 2568 instrucciones
1188 2542 1215 2581 y
1239 2527 1388 2568 avisos
1413 2541 1501 2580 que
1521 2527 1635 2566 daha
1659 2542 1683 2567 a
1703 2526 1767 2566 los

129 2616 216 2656 que
239 2602 432 2644 enviaba
455 2618 478 2644 a
502 2603 693 2644 cultivar
717 2610 812 2644 esta
839 2604 941 2644 vina
972 2605 1043 2646 dei
1074 2605 1235 2652 Senon
1274 2619 1328 2644 en
1354 2604 1463 2644 eilas
1495 2618 1542 2644 se
1567 2604 1765 2643 haliaran

129 2686 249 2721 otros
278 2680 578 2722 docuinentos
615 2682 918 2734 provechosos
953 2696 1058 2735 para
1093 2690 1188 2723 este
1220 2682 1296 2732 tin3
1325 2696 1422 2721 inas
1451 2681 1516 2721 los
1547 2695 1634 2733 que
1663 2682 1766 2732 aqui

131 2757 309 2808 quedan
338 2756 526 2799 escritos
554 2771 658 2799 creo
687 2773 774 2812 que
805 2772 884 2799 son
920 2759 985 2800 los
1020 2758 1304 2813 principales,
1338 2773 1364 2812 y
1397 2760 1461 2799 los
1491 2772 1577 2811 que
1608 2758 1764 2798 hastan

131 2846 234 2886 para
259 2841 442 2875 nuestro
465 2834 684 2877 intento.»
714 2836 920 2877 Alterum
946 2845 1014 2878 est
1043 2839 1092 2877 Ρ.
1125 2836 1337 2877 Bernardi
1371 2836 1424 2876 de
1449 2835 1656 2889 Angelis,
1684 2835 1764 2876 So-

128 2909 303 2950 cietatis
326 2911 411 2951 sub
438 2912 486 2952 P.
517 2913 754 2966 Aquaviva
778 2914 1023 2963 secretarii,
1051 2914 1126 2968 qui
1151 2928 1268 2955 anno
1301 2913 1408 2955 Iooo
1441 2912 1766 2953 commendans

185 3075 213 3094 ¹⁶
269 3075 445 3111 Trutado
459 3079 522 3112 del
543 3079 656 3113 modo
674 3080 721 3114 (Ie
736 3080 927 3125 gobierno
949 3092 1022 3125 que
1044 3080 1090 3115 N.
1115 3080 1151 3115 S.
1177 3081 1310 3115 Padre
1331 3079 1495 3125 Ignacio
1512 3080 1633 3114 tenta.
