1891 3292
613 220 1146 268 CoMMENTARJOLA.——1567
1575 229 1644 271 675

62 327 103 367 in
142 331 320 365 nostros
358 322 611 376 recidebat;
659 335 854 376 cumque
893 325 1133 379 episcopus
1181 327 1410 380 praefatus
1463 342 1559 370 eam
1605 329 1693 370 alio

62 384 301 426 transferre
344 389 592 429 recusaret,
641 381 874 423 constituit
921 385 970 424 P.
1019 392 1170 425 noster
1215 387 1496 440 praepositus
1540 402 1693 431 mense

64 442 193 494 Maio,
221 440 463 495 collegium
487 440 596 481 illud
620 455 720 482 esse
744 441 1106 495 relinquendum,
1132 457 1235 485 cum
1259 445 1383 487 iuxta
1406 447 1694 498 constitutio-

62 516 152 554 nes,
175 501 234 541 ob
257 513 410 541 curam
435 500 708 554 praedictam
732 506 777 541 et
800 501 904 553 quia
928 502 1049 544 nulla
1078 503 1250 544 dotatio
1280 506 1397 545 facta
1427 506 1585 557 fuerat,
1617 507 1695 549 sed

61 575 114 603 ex
137 559 393 602 mendicato
423 566 518 600 erat
547 558 861 610 victitandum,
896 560 1039 602 teneri
1067 576 1156 602 non
1188 570 1354 616 posset3
1386 571 1429 606 et
1459 565 1695 607 ecclesiam

61 633 162 663 cum
184 618 395 661 omnibus
417 617 658 659 mobilibus
681 618 736 659 ad
763 618 845 675 Dei
870 620 1040 660 cultum
1065 620 1228 662 ibidem
1262 622 1454 676 donatis,
1487 623 1699 679 episcopo

62 678 183 722 reddi
217 677 363 727 iussit,
400 678 588 718 domum
619 691 726 718 vero
756 691 780 718 a
810 679 940 719 nobis
969 680 1087 720 bona
1115 694 1170 721 ex
1201 688 1327 734 parte
1355 683 1626 734 confectam,
1652 690 1697 726 et

62 741 214 779 hortos
248 751 350 778 cum
385 736 474 777 situ
510 751 533 778 a
568 736 701 777 nobis
733 745 1009 790 comparato,
1045 739 1224 780 duobus
1258 740 1413 782 amicis
1446 742 1559 783 tradi
1593 756 1696 783 cum

61 797 266 840 omnibus
289 795 532 837 mobilibus
555 795 684 836 iussit
707 806 752 836 vt
776 811 827 837 ea
848 806 1135 839 reseruarent
1154 799 1299 840 donec
1322 800 1623 854 prouinciales
1641 803 1696 843 de

61 858 192 899 domo
209 855 504 909 relinquenda
523 855 885 905 consulerentur;
907 863 951 896 et
969 856 1137 898 eisdem
1158 859 1532 911 approbantibus,
1552 860 1698 903 eidem

60 915 272 971 episcopo
295 914 341 956 in
366 914 488 968 pium
513 914 694 968 aliquod
717 928 831 968 opus
854 915 962 956 dare
981 916 1233 959 constituit.
1255 918 1344 959 Res
1363 925 1513 961 autem
1533 933 1700 974 magno

62 989 162 1017 cum
186 975 312 1016 luctu
335 973 535 1015 ciuitatis
560 981 784 1015 transacta
808 973 872 1014 sic
895 982 980 1016 est.

150 1045 224 1087 23.
292 1045 342 1075 21
369 1032 440 1075 die
464 1031 634 1087 Aprilis
656 1045 759 1074 cum
786 1033 921 1074 Pater
938 1034 992 1076 D.
1022 1034 1278 1088 Rodriguez
1302 1041 1346 1077 et
1363 1048 1451 1089 ego
1473 1036 1699 1079 adiremus

63 1107 283 1135 summum
320 1092 580 1147 pontificem
619 1091 744 1133 iussu
785 1093 836 1133 P.
878 1092 1017 1133 nostri
1058 1093 1311 1147 praepositi,
1346 1101 1390 1135 et
1429 1095 1699 1138 referremus

63 1167 175 1207 quae
209 1152 265 1194 de
307 1151 494 1193 cambiis
526 1158 570 1193 et
603 1150 835 1206 depositis,
877 1159 965 1194 etc,
1002 1152 1227 1206 disputata
1255 1160 1298 1194 et
1328 1153 1576 1196 constituta
1603 1155 1701 1210 ipso

62 1211 244 1255 iubente
268 1212 388 1266 apud
412 1225 494 1252 nos
518 1219 687 1261 essent,
716 1224 806 1250 non
832 1210 1038 1265 probauit
1063 1219 1109 1251 vt
1132 1212 1207 1265 qui
1241 1222 1262 1264 5
1295 1225 1373 1266 pro
1408 1224 1488 1254 Ioo
1516 1227 1698 1268 accepe-

62 1278 160 1313 rant
183 1271 239 1312 ab
262 1270 474 1313 hereticis
501 1269 674 1311 ratione
712 1269 882 1320 mutui,
917 1270 1014 1311 aliis
1044 1270 1128 1324 piis
1151 1271 1363 1325 operibus
1392 1272 1697 1324 restituerent,

62 1330 192 1373 etiam
222 1329 268 1370 in
300 1343 493 1384 poenam
524 1328 873 1381 haereticorum,
907 1330 986 1372 sed
1016 1330 1183 1371 eisdem
1214 1329 1466 1374 haereticis.
1500 1333 1547 1373 In
1580 1333 1698 1374 futu-

62 1404 157 1432 rum
183 1398 331 1431 tamen
358 1388 568 1444 probauit
591 1388 635 1429 in
667 1387 925 1429 huiusmodi
956 1389 1157 1443 personis
1188 1390 1445 1443 praesertim
1476 1390 1696 1433 industria

61 1448 302 1502 destitutis,
338 1456 385 1489 vt
415 1448 640 1502 duplicem
673 1448 874 1490 facerent
903 1456 1201 1490 contractum:
1234 1449 1423 1490 alterum
1454 1450 1697 1501 societatis,

60 1509 114 1550 ad
150 1509 327 1550 lucrum
367 1514 410 1550 et
445 1507 785 1558 detrimentum;
822 1508 1013 1548 alterum
1053 1507 1401 1549 assecurationis
1439 1516 1527 1549 tam
1566 1509 1700 1551 sortis

62 1582 194 1623 quam
219 1566 438 1610 moderati
462 1567 591 1619 lucri,
618 1566 750 1620 quale
773 1574 891 1608 esset
917 1576 939 1619 5
964 1567 1035 1608 vel
1059 1567 1086 1608 ὁ
1110 1581 1188 1621 pro
1217 1579 1295 1608 Ioo
1319 1581 1435 1620 quae
1453 1567 1573 1610 licite
1598 1569 1698 1611 reti·

61 1627 153 1670 neri
177 1641 309 1682 posse
332 1626 488 1668 sensit.

148 1698 219 1740 24.
287 1687 528 1728 Praeterea
550 1699 654 1726 cum
679 1685 965 1737 referremus,
992 1685 1296 1740 praepositum
1323 1692 1530 1727 nostrum
1554 1687 1697 1729 habe-

63 1761 109 1789 re
131 1761 155 1788 a
173 1745 281 1789 sede
305 1744 564 1800 apostolica,
590 1752 636 1785 vt
659 1759 738 1799 per
761 1758 808 1786 se
831 1752 875 1786 et
895 1759 972 1799 per
990 1745 1099 1786 alios
1120 1751 1272 1798 posset
1291 1745 1498 1787 conferre
1529 1746 1700 1798 gratias

63 1820 172 1860 quas
199 1806 337 1847 habet
367 1804 586 1855 Societas,
618 1804 696 1845 sed
728 1803 922 1845 dubitari
946 1803 1064 1845 inter
1093 1812 1287 1857 nostros,
1320 1818 1377 1845 an
1406 1804 1646 1859 delegatus
1677 1820 1701 1846 a

63 1864 278 1920 generali,
306 1871 458 1919 posset
487 1863 599 1905 alios
628 1863 684 1904 ad
712 1862 757 1904 id
786 1863 1102 1917 subdelegare,
1136 1863 1255 1917 quod
1286 1870 1436 1904 tamen
1468 1864 1586 1905 bona
1617 1878 1700 1919 gu-

65 1924 264 1966 bernatio
288 1923 559 1977 requirebat,
588 1923 765 1977 placere
788 1922 872 1963 sibi
898 1922 1024 1973 dixit,
1050 1930 1098 1963 vt
1122 1922 1421 1977 prouinciales
1439 1923 1581 1964 nostri
1602 1938 1703 1978 pos-

64 1990 161 2026 sent
183 1983 485 2038 subdelegare
509 1989 722 2032 rectores,
749 1982 805 2022 ad
827 1981 1065 2025 Societatis
1090 1981 1260 2037 gratias
1279 1983 1699 2033 communicandas,

64 2058 151 2085 non
171 2051 320 2085 tamen
339 2057 395 2085 ex
412 2041 636 2084 ordinaria
654 2055 735 2082 sua
753 2048 989 2096 potestate,
1011 2042 1089 2083 sed
1114 2056 1216 2082 cum
1242 2041 1466 2095 generalis
1492 2043 1547 2083 ad
1572 2042 1615 2083 id
1640 2042 1704 2085 eis

64 2102 187 2144 daret
212 2102 488 2144 facultatem.

152 2172 223 2215 25.
290 2162 390 2203 Hac
434 2158 804 2214 quadragessima
846 2159 1070 2210 Madridii,
1112 2160 1277 2214 templo
1322 2160 1546 2214 absoluto,
1589 2175 1699 2202 con—

65 2219 215 2263 ciones
244 2227 289 2264 et
326 2234 453 2263 sacra
482 2219 649 2262 ibidem
680 2233 703 2260 a
734 2217 858 2260 curia
896 2219 1031 2274 regis,
1071 2233 1237 2273 magna
1270 2219 1525 2274 frequentia
1559 2220 1703 2261 audiri

67 2287 211 2335 cepta.

154 2340 225 2382 26.
291 2339 463 2381 Eodem
484 2339 576 2379 fere
594 2345 796 2392 tempore
815 2337 864 2379 P.
890 2337 1265 2380 Bartholomaeus
1283 2338 1581 2380 Bustamante
1600 2352 1702 2379 cum

67 2398 278 2440 adiuncto
306 2398 429 2440 socio
458 2398 642 2439 doctore
673 2397 906 2441 Saauedra
938 2396 1214 2451 prouinciam
1249 2397 1493 2438 toletanam
1526 2397 1705 2440 visitare

67 2457 196 2513 cepit,
224 2472 328 2500 cum
351 2457 572 2499 baeticam
598 2456 720 2510 prius
738 2456 978 2498 visitasset.
1009 2458 1142 2498 Pater
1160 2469 1262 2497 vero
1282 2455 1505 2510 Aegidius
1526 2457 1704 2499 Gonza-

68 2517 148 2568 lez,
170 2525 316 2561 rector
339 2516 518 2571 collegii
536 2515 875 2570 complutensis,
898 2515 1157 2570 Aragoniae
1188 2515 1463 2568 prouinciam
1500 2515 1704 2557 visitatu-

68 2590 157 2629 rus,
178 2591 232 2619 eo
250 2576 480 2631 profectus
498 2583 580 2617 est.
607 2577 740 2617 Pater
760 2577 818 2617 D.
841 2577 1070 2628 Montoya,
1089 2573 1240 2616 nolani
1258 2574 1439 2628 collegii
1461 2582 1623 2628 rector,
1660 2575 1705 2615 in

0 2638 2 2677 Ξ
69 2635 262 2678 Siciliam
283 2635 484 2677 visitator
501 2634 716 2676 adiuncto
736 2636 788 2676 P.
812 2634 959 2689 Diego
978 2635 1147 2677 Suarez
1166 2632 1303 2683 sociO,
1326 2634 1484 2675 eodem
1506 2642 1707 2688 tempore

1 2695 5 2700 “
71 2694 231 2737 missus
253 2702 336 2737 est.

155 2765 226 2807 27.
294 2752 525 2808 Compluti
546 2754 708 2794 domus
732 2752 1012 2808 probationis
1038 2753 1121 2792 hoc
1142 2759 1343 2804 tempore
1363 2752 1522 2794 melius
1541 2751 1705 2793 consti-

0 2826 6 2852 .⁶
71 2820 163 2855 tuta
184 2821 267 2867 est,
294 2820 339 2856 et
361 2812 556 2868 separati
581 2812 757 2863 nouitii,
785 2811 1002 2867 peculiari
1027 2811 1161 2852 ianua
1184 2811 1240 2851 ab
1264 2810 1452 2852 aliorum
1478 2811 1707 2852 cohabita-

0 2870 11 2910 ’ἴ
70 2870 202 2915 tione.
231 2872 406 2927 Hispali
434 2872 718 2926 tantundem,
745 2879 788 2913 et
813 2870 1059 2913 Metimnae
1089 2868 1265 2923 Campi,
1298 2877 1342 2911 et
1373 2870 1444 2911 hic
1475 2870 1608 2913 etiam
1639 2884 1708 2912 se-

70 2930 230 2987 nioreS,
272 2939 376 2974 ante
413 2931 744 2986 professionem
783 2930 981 2973 exerceri
1016 2929 1059 2969 in
1094 2929 1231 2970 rebus
1265 2929 1573 2983 spiritualibus
1607 2943 1708 2971 curn

72 2989 222 3033 fructu
245 3004 413 3046 magno
436 2998 671 3045 ceperunt.

158 3051 228 3092 28.
294 3051 368 3092 Ad
392 3051 555 3091 festum
580 3055 879 3104 pentecostes,
911 3047 1072 3088 domus
1104 3045 1381 3101 probationis
1412 3062 1435 3089 a
1460 3048 1560 3090 D.¹¹0
1583 3049 1706 3090 Ioan-
