1891 3292
588 187 1116 234 COMMENTAR1OLA.—1572
1552 200 1620 236 717

41 298 86 334 vt
118 290 161 331 in
196 286 428 330 Corsicam
464 287 554 328 duo
585 301 641 328 ex
672 288 837 330 nostris
865 289 1167 342 mitterentur,
1203 293 1360 334 Patres
1396 293 1583 335 Iacobus
1614 294 1668 335 de

45 349 188 404 Papia,
222 352 267 389 et
305 345 570 387 Dominicus
610 347 812 388 Blondus
849 362 950 389 cum
989 349 1201 405 episcopo
1233 352 1503 394 marianensi
1538 353 1661 394 1111551

43 415 160 459 sunt,
186 412 232 449 et
254 404 488 446 coadiutor
511 405 575 446 eis
599 405 856 447 adiunctus.

127 475 167 519 5.
233 464 330 507 Sub
362 464 498 505 finem
533 464 735 506 eiusdem
771 467 952 530 mensis,
985 480 1188 508 summus
1218 468 1436 522 pontifex,
1472 483 1517 511 re
1547 470 1670 524 prius

40 523 277 569 commissa
299 523 403 565 Car.
410 520 430 547 ¹¹
453 524 715 573 Borromeo,
747 531 791 565 et
821 524 865 565 in
895 527 1249 580 congregatione
1279 528 1573 570 cardinalium
1605 544 1670 571 re-

43 581 292 628 formationi
309 582 626 636 deputatorum
646 582 864 636 discussa,
885 592 928 624 et
951 584 1006 626 de
1024 585 1225 627 omnium
1244 600 1484 637 consensu,
1509 590 1668 630 refere-

42 651 164 688 rente
193 639 323 684 Car.h
351 641 696 683 Aldrobandino
726 642 783 682 ad
816 643 1024 685 eumdem
1058 658 1284 686 summum
1306 646 1581 699 pontificem,
1608 647 1668 688 in-

41 703 243 746 stitutum
278 699 520 743 Societatis
558 707 737 742 nostrae
775 701 1090 743 confirmatum
1115 711 1183 745 est
1220 717 1322 745 cum
1346 706 1556 746 omnibus
1580 705 1672 747 suis

44 759 304 818 priuilegiis;
337 766 380 801 et
409 759 554 809 chori,
580 773 632 800 ac
657 759 948 824 professionis
972 767 1076 803 ante
1106 763 1435 816 promotionem
1470 765 1525 806 ad
1549 764 1669 805 ordi

43 836 136 875 nes,
167 818 384 873 obligatio
418 825 604 860 remota:
642 819 850 872 quamuis
873 834 925 861 ea
953 820 1007 861 de
1039 834 1086 861 re
1109 829 1265 875 postea
1294 822 1470 865 litterae
1493 830 1650 877 aposto

42 881 150 924 licae
168 886 274 920 sunt
296 876 545 932 expeditae.
778 899 780 902 ·

128 939 169 981 6.
237 938 337 979 Hoc
360 937 518 979 eodem
539 951 710 987 mense,
735 936 950 978 cardinali
976 938 1258 993 Lothoringo
1287 939 1586 994 supplicante,
1611 939 1673 980 in-

43 998 195 1041 stituta
219 1004 286 1039 est
310 996 582 1038 Vniuersitas
606 996 649 1036 in
675 995 840 1049 oppido
866 996 1022 1037 Pontis
1046 998 1295 1050 Amasonii,
1317 1007 1361 1039 et
1385 998 1579 1051 collegio
1599 1012 1674 1039 no-

43 1065 159 1100 strae
188 1054 427 1100 Societatis
455 1054 620 1098 ibidem
652 1064 820 1105 erecto,
862 1055 1053 1097 facultas
1092 1057 1402 1111 philosophiae
1432 1067 1475 1100 et
1508 1051 1675 1099 theolo—

46 1117 161 1173 giae‚
204 1114 349 1157 eidem
380 1115 504 1156 iuxta
534 1128 665 1155 suum
697 1113 953 1155 institutum
984 1115 1335 1157 administranda
1364 1116 1675 1167 committitur;

44 1185 87 1220 et
121 1174 202 1216 tria
232 1173 368 1215 millia
401 1187 639 1215 aureorum
670 1173 808 1215 annui
839 1174 1040 1215 redditus
1071 1188 1149 1229 pro
1177 1176 1407 1216 dotatione
1436 1177 1492 1217 ab
1521 1176 1676 1218 eodem

47 1234 255 1291 pontifice
276 1233 585 1287 assignantur3
607 1241 650 1275 et
670 1245 774 1273 cum
794 1232 918 1286 prius
943 1234 1074 1287 paulo
1092 1233 1387 1276 difficiliorem
1413 1250 1459 1276 se
1480 1233 1677 1288 pontifex

45 1293 339 1342 exhibuisset,
366 1292 522 1333 vltimo
551 1292 656 1334 Car.
662 1290 718 1315 lem
743 1293 949 1333 hortatus
977 1302 1044 1334 est
1069 1301 1115 1332 xt
1138 1293 1281 1347 primo
1305 1307 1485 1347 quoque
1511 1302 1677 1348 tempo-

47 1368 91 1396 re
108 1367 200 1394 rem
218 1353 469 1403 inchoaret3
495 1366 542 1393 se
564 1352 678 1394 velle
702 1358 748 1391 vt
773 1351 1121 1406 primogenitam
1148 1353 1314 1394 habere
1339 1353 1676 1395 Vniuersitatem

46 1416 191 1463 istam3
233 1411 601 1464 Societatemque
646 1417 843 1452 nostram
877 1425 900 1451 a
935 1412 1032 1452 Deo
1065 1411 1243 1452 missam
1279 1413 1364 1453 hoc
1399 1420 1598 1466 tempore
1627 1412 1679 1452 ad

46 1485 282 1514 commune
304 1471 473 1511 bonum
501 1469 877 1524 promouendum,
905 1469 987 1524 ipsi
1013 1470 1055 1511 111
1081 1471 1240 1512 Galliis
1264 1471 1427 1513 obnixe
1452 1485 1676 1512 commen-

46 1530 184 1581 dauit,
211 1544 312 1572 cum
340 1543 506 1584 magna
524 1528 688 1570 amoris
711 1543 819 1581 erga
844 1544 925 1570 nos
949 1529 1299 1583 significatione.

134 1601 175 1642 7.
248 1590 350 1631 Hoc
380 1603 534 1631 mense
563 1588 805 1630 cardinalis
834 1590 889 1629 de
920 1588 1157 1643 Corregio,
1189 1597 1233 1631 et
1262 1589 1389 1630 initio
1420 1588 1683 1630 Decembris

47 1649 285 1691 cardinalis
325 1648 623 1700 ferrariensis,
666 1648 778 1690 alter
814 1663 838 1689 a
879 1649 952 1689 P.⁰
993 1648 1242 1689 Benedicto
1284 1648 1473 1700 Palmio‚
1511 1648 1623 1688 alter
1661 1662 1683 1688 a

53 1711 121 1752 Re
140 1708 390 1751 Benedicto
412 1710 576 1749 Perera
595 1720 738 1760 Vsque
755 1708 811 1748 ad
828 1707 1032 1748 vltimum
1052 1707 1256 1761 spiritum
1279 1707 1437 1758 adiuti,
1459 1708 1513 1748 ad
1534 1706 1683 1748 Domi-

49 1783 153 1810 num
178 1768 433 1822 migrarunt
457 1781 559 1808 cum
584 1780 750 1820 magna
774 1766 1105 1808 aedificatione.

135 1828 177 1870 8.
246 1825 315 1880 354ι
340 1825 617 1878 Decembris,
643 1826 837 1867 vicarius
875 1840 976 1867 cum
1005 1828 1077 1867 Re
1103 1825 1351 1867 Benedicto
1381 1825 1553 1867 Palmio
1583 1824 1679 1865 adi-

51 1885 112 1929 uit
135 1886 412 1942 pontificem,
438 1894 482 1927 et
507 1886 643 1940 pedes
671 1892 739 1926 est
762 1885 991 1926 osculatus
1022 1885 1203 1926 nomine
1227 1885 1480 1935 Societatis,
1508 1886 1565 1925 ob
1590 1884 1685 1925 eius

49 1947 303 1988 institutum
328 1945 662 1995 confirmatum3
688 1951 731 1985 et
761 1944 1051 1999 significauit,
1076 1944 1157 1985 sibi
1190 1944 1348 1992 videri,
1376 1953 1478 1985 ante
1514 1957 1684 1997 promo-

51 2005 218 2047 tionem
244 2006 300 2046 ad
328 2004 526 2054 ordines,
559 2004 732 2057 aliquos
762 2018 903 2045 annos
933 2012 1116 2045 nostros
1145 2018 1244 2045 esse
1279 2003 1322 2043 in
1357 2003 1584 2046 Societate
1616 2016 1684 2043 co-

51 2064 337 2118 gnoscendos
354 2063 453 2119 (nisi
473 2064 606 2118 aliqui
626 2064 893 2104 maturiores
911 2070 954 2106 et
987 2070 1106 2104 etate
1124 2071 1168 2105 et
1201 2062 1359 2117 spiritu
1380 2063 1684 2113 accederent);

51 2132 94 2166 et
116 2123 160 2165 id
183 2123 279 2166 fieri
301 2124 380 2177 sic,
408 2123 740 2177 1051)(111011111115,
769 2132 812 2165 et
838 2123 1039 2164 futurum
1066 2122 1109 2163 in
1137 2130 1383 2187 posterum.
1413 2124 1480 2163 De
1506 2121 1668 2162 redditi

53 2185 135 2225 bus
157 2183 291 2224 etiam
323 2182 655 2234 ecclesiasticis,
682 2181 757 2236 qui
787 2182 990 2236 collegiis
1019 2181 1183 2222 nostris
1206 2189 1358 2223 essent
1389 2181 1517 2234 vuiti,
1552 2180 1683 2221 ratio

53 2257 153 2286 nem
179 2242 473 2292 reddidimus,
499 2250 542 2284 et
566 2256 700 2295 quam
724 2249 842 2283 esset
868 2242 1006 2283 falsus
1046 2255 1212 2293 rumor,
1241 2240 1283 2280 in
1309 2240 1578 2281 immensum
1608 2242 1688 2280 hos

54 2316 243 2356 augens,
269 2301 519 2353 docuimus,
545 2309 588 2342 et
612 2301 693 2343 alia
719 2301 775 2342 ad
799 2300 994 2341 instituti
1018 2300 1238 2341 rationem
1260 2299 1527 2352 pertinentia
1552 2298 1668 2352 expli

55 2361 274 2403 cauimus.
302 2361 377 2402 Ille
407 2375 513 2402 vero
537 2367 691 2414 optare
721 2374 768 2400 se
792 2360 903 2401 dixit
928 2367 976 2400 vt
1002 2360 1150 2413 plures
1173 2367 1324 2400 essent
1355 2358 1574 2407 redditus,
1602 2372 1690 2412 quo

57 2421 205 2475 plures
228 2419 434 2475 operarii,
459 2420 616 2461 vineae
642 2419 821 2462 Domini
846 2419 988 2467 vtileS,
1013 2426 1198 2482 possent
1223 2417 1293 2458 ali.

142 2494 184 2535 9.
251 2493 293 2532 4.
301 2478 626 2529 aDecembris,
657 2478 891 2533 primarius
913 2478 1092 2531 quidam
1134 2476 1200 2517 vir
1225 2478 1467 2530 typhernas
1496 2475 1692 2525 (Ciuitas

56 2539 111 2581 de
133 2539 299 2581 Castell
305 2552 331 2579 o
357 2539 495 2593 vulgo
518 2539 620 2579 vrbs
643 2553 693 2580 ea
712 2538 892 2583 dicitur
925 2551 1062 2591 prope
1098 2536 1368 2600 perusium),
1396 2535 1576 2576 nomine
1600 2534 1687 2588 epi-

57 2597 179 2652 scopi
203 2606 246 2639 et
266 2597 478 2648 ciuitatis,
500 2598 744 2650 collegium
764 2595 1006 2640 Societatis
1025 2611 1048 2636 a
1067 2595 1247 2645 vicario,
1271 2609 1435 2649 magno
1456 2608 1558 2635 cum
1579 2593 1691 2635 desi-

58 2657 180 2698 derio
199 2657 343 2712 petiit,
364 2658 563 2707 domum,
585 2656 821 2698 ecclesiam
845 2664 889 2698 et
915 2655 1115 2696 redditus
1135 2656 1411 2695 necessarios
1431 2654 1485 2693 id
1511 2666 1564 2694 20
1604 2654 1672 2693 col

59 2716 240 2769 legiales
263 2718 473 2766 offerens,
500 2717 578 2757 sed
600 2731 668 2758 res
692 2717 747 2756 ad
774 2729 941 2755 nouum
963 2713 1265 2768 praepositum
1292 2714 1566 2763 generalem,
1589 2727 1612 2752 a
1631 2711 1696 2751 vi—

25 2791 31 2799 ·
59 2775 176 2817 cario
200 2776 366 2819 reiecta
387 2783 471 2829 est,
505 2776 621 2816 sicut
645 2783 689 2817 et
715 2775 941 2816 Cortonae
965 2780 1008 2814 et
1034 2772 1223 2814 Arimini
1251 2773 1397 2812 oblata
1423 2772 1630 2826 collegia.

154 2847 217 2876 Io.
282 2836 383 2877 Hoc
407 2834 503 2888 ipso
527 2842 762 2883 autumno,
789 2848 813 2874 a
838 2831 1050 2874 cardinali
1080 2832 1321 2873 Borromeo
1347 2831 1467 2884 prius
1486 2831 1693 2881 impetra—

63 2899 105 2934 ta
127 2893 272 2947 gratia
294 2894 474 2935 vnionis
496 2893 672 2935 abatiae
696 2893 751 2933 de
771 2894 941 2944 Arona,
969 2889 1164 2943 collegio
1189 2904 1309 2930 nouo
1334 2900 1377 2932 et
1410 2888 1694 2932 vniuersitati

64 2952 303 2995 Mediolani
325 2961 518 3007 erectae,
546 2952 677 2994 simul
695 2966 798 2992 cum
825 2949 991 3004 insigni
1011 2948 1300 2999 monasterio,
1319 2957 1363 2991 et
1380 2949 1569 2991 ecclesia
1590 2950 1697 2990 Bre-

64 3011 118 3053 da
143 3020 420 3068 nuncupata,
447 3026 579 3055 suum
603 3011 815 3053 effectum
839 3017 907 3051 est
931 3008 1103 3061 sortita,
1126 3020 1227 3048 cum
1254 3008 1396 3050 tribus
1420 3008 1598 3049 milibus
1621 3021 1696 3048 au-
