1891 3292
558 202 695 237 EP1sr.
725 203 875 239 288.—1
901 205 1108 250 JANUARH
1131 216 1218 251 1577
1588 209 1656 252 569

218 448 258 483 P.
290 447 563 485 ANTONIUS
595 448 918 487 POSSEVINUS
946 453 1250 488 UNIVERSAE
1277 454 1555 491 SOCIETATI

607 552 725 578 ROMA
757 553 767 577 1
799 553 993 586 JANUARII
1025 556 1114 591 1577
1142 550 1167 583 ¹.

508 651 700 685 Sanctum
731 652 902 687 Polanci
928 654 1077 688 obitum
1105 660 1267 692 narrat.

236 764 417 808 Tertius
440 763 792 822 [detunctorum]
819 766 900 808 tuit
927 768 974 809 Ρ.
1003 768 1201 821 joannes
1227 770 1472 823 Polancus,
1499 772 1574 825 qui
1599 786 1701 813 cum

70 857 123 884 ex
145 841 285 883 sicula
309 840 556 896 provincia,
583 856 717 896 quam
738 841 814 902 jlle
837 842 1038 885 visitator
1063 845 1250 900 obierat,
1279 847 1523 890 novissime
1547 848 1602 889 ad
1622 862 1704 889 nos

71 918 250 974 rediret,
277 918 387 960 febri
412 926 456 962 et
481 920 751 973 permolesta
784 919 917 970 tussi,
945 920 1108 974 quibus
1133 922 1177 962 in
1202 937 1253 965 ea
1286 923 1432 965 insula
1462 926 1702 966 vehemen-

72 1005 137 1036 ter
158 987 408 1049 laborarat,
440 995 603 1037 iterum
636 1003 870 1050 correptus
901 1004 991 1047 est,
1018 1011 1068 1038 ac
1099 998 1219 1039 brevi
1250 999 1423 1042 dierum
1448 1000 1617 1054 spatio,
1656 1011 1703 1042 ut

70 1079 162 1115 erat
201 1072 438 1115 confectus
467 1071 664 1126 antiquis
699 1072 948 1123 laboribus,
987 1088 1100 1128 quos
1136 1076 1322 1131 triginta
1357 1077 1556 1131 quinque
1587 1084 1706 1119 totos

70 1163 210 1191 annos
232 1148 276 1190 in
301 1148 530 1192 Societate
553 1150 738 1204 tulerat,
767 1150 902 1191 nullis
935 1152 1143 1193 remediis
1167 1153 1281 1195 effici
1312 1154 1457 1208 potuit
1483 1163 1531 1195 ut
1558 1155 1702 1209 pristi-

71 1240 170 1267 nam
193 1226 498 1268 valetudinem
524 1226 758 1281 reciperet.
786 1228 908 1282 Ergo
932 1242 1034 1270 cum
1060 1229 1394 1284 ingravesceret
1419 1232 1614 1282 morbus,
1635 1246 1702 1273 sa·

70 1303 310 1345 cramentis
332 1303 544 1346 omnibus
567 1304 770 1346 munitus
793 1312 877 1355 est,
905 1306 1129 1360 pauloque
1148 1308 1232 1348 sub
1257 1314 1461 1358 mortem,
1485 1322 1573 1362 quo
1594 1316 1701 1350 tem-

68 1394 173 1435 pore
193 1380 365 1435 vegetis
388 1381 538 1422 adhuc
561 1381 770 1423 sensibus
793 1383 857 1437 (ut
882 1382 1128 1437 perspicaci
1152 1391 1247 1425 erat
1275 1384 1477 1439 ingenio)
1503 1399 1628 1427 sacro
1655 1400 1703 1428 se

69 1457 165 1500 oleo
189 1457 428 1513 inungenti
457 1458 679 1500 sacerdoti
714 1458 1090 1514 precationesque
1120 1460 1273 1501 solitas
1303 1460 1622 1515 interloquenti
1647 1462 1702 1503 ad

69 1534 215 1576 omnia
238 1536 547 1589 responderat.
569 1536 864 1578 Sacerdotem
884 1537 1075 1578 alterum
1096 1536 1192 1591 pios
1210 1537 1293 1579 sibi
1313 1537 1451 1579 libros
1474 1538 1698 1579 interdum

69 1611 294 1666 legentem
318 1612 523 1662 accersit,
552 1622 600 1654 ut
623 1627 756 1667 quem
780 1613 876 1668 ipse
899 1613 1062 1654 librum
1089 1627 1178 1654 non
1203 1614 1263 1655 ita
1288 1614 1459 1669 pridem
1485 1614 1528 1655 in
1554 1616 1699 1657 lucem

67 1702 146 1744 pro
163 1688 378 1743 juvandis
400 1689 630 1731 morituris
653 1690 871 1741 ediderat,
905 1692 1042 1745 legat.
1075 1691 1379 1746 Interroganti
1403 1691 1466 1743 ei,
1495 1691 1601 1745 quid
1625 1705 1701 1746 po-

68 1765 287 1808 tissimum
311 1781 365 1809 ex
389 1780 443 1809 eo
470 1767 622 1810 vellet:
655 1766 872 1818 indicem,
907 1768 1155 1822 respondit,
1188 1768 1344 1822 legito.
1372 1768 1565 1822 Legenti
1598 1769 1701 1809 titu-

67 1843 157 1884 lum
181 1842 236 1886 de
259 1843 348 1885 fide
370 1843 696 1886 confirmanda:
729 1844 1027 1899 progredere,
1053 1844 1221 1899 inquit,
1248 1845 1304 1886 ad
1327 1859 1522 1899 sequens
1545 1852 1698 1900 caput,

68 1919 110 1961 in
135 1934 224 1974 quo
246 1921 302 1963 de
325 1920 544 1975 erigenda
573 1921 617 1962 in
650 1921 898 1963 Dominum
929 1936 1008 1976 spe
1038 1921 1205 1976 agitur.
1241 1923 1304 1963 Ita
1333 1936 1425 1964 rem
1461 1936 1697 1977 aggresso,

67 2010 169 2039 cum
198 2012 252 2040 ex
281 1997 488 2053 longiore
510 1998 586 2039 illo
614 1998 783 2053 capite,
816 1998 948 2052 cujus
977 1999 1142 2040 bonam
1168 2006 1337 2053 partem
1369 2000 1581 2042 sacerdos
1610 1999 1701 2053 jam

68 2073 316 2125 recitasset,
342 2075 594 2117 molestiam
618 2076 909 2119 decumbenti
933 2089 985 2117 ac
1004 2075 1139 2117 morti
1158 2075 1363 2130 proximo
1387 2083 1618 2118 vereretur
1637 2075 1701 2116 in-

31 2145 34 2149 ’
70 2150 197 2193 ferre:
226 2152 390 2207 Perge,
416 2152 491 2205 ait,
516 2166 573 2195 ne
596 2166 747 2196 cesses
770 2153 922 2205 modo,
950 2152 1008 2194 mi
1030 2155 1181 2204 Pater;
1204 2167 1304 2194 cum
1327 2166 1433 2196 ecce
1452 2153 1584 2208 paulo
1604 2161 1703 2207 post

69 2229 303 2270 orantibus
335 2228 411 2283 qui
442 2230 658 2271 lectulum
692 2230 811 2271 illius
842 2230 1209 2280 circumdabant,
1236 2231 1346 2286 Jesu
1377 2244 1540 2271 nornen
1579 2229 1705 2271 invo-

69 2318 190 2355 cans,
217 2305 273 2346 ad
295 2313 526 2348 aeternam
550 2306 893 2357 beatitudinem,
921 2307 977 2349 de
1001 2321 1089 2360 qua
1112 2320 1247 2361 saepe
1267 2314 1505 2360 antequam
1526 2306 1569 2347 in
1590 2321 1704 2347 mor-

70 2381 174 2424 bum
207 2382 447 2437 incideret,
484 2397 586 2426 cum
621 2384 849 2438 aliquibus
883 2384 1074 2427 libenter
1111 2384 1385 2437 disserebat,
1419 2383 1555 2425 vitam
1588 2385 1705 2425 hanc

70 2471 170 2500 curn
194 2466 391 2512 aeterna,
415 2461 723 2504 eommutavit.
737 2494 764 2503 ..

140 2607 151 2626 ¹
202 2608 259 2641 Ex
279 2607 419 2642 litteris
444 2607 583 2643 annuis
609 2608 746 2643 domus
775 2608 1036 2654 professorum
1068 2620 1261 2651 romanae,
1292 2608 1356 2642 fol.
1389 2616 1418 2645 1:
1447 2607 1621 2652 fragmen
1647 2612 1707 2641 est

70 2665 170 2710 quod
189 2666 461 2702 exscribimus.
