<?xml version="1.0" encoding="UTF-8"?>
<!DOCTYPE html PUBLIC "-//W3C//DTD XHTML 1.0 Transitional//EN"
    "http://www.w3.org/TR/xhtml1/DTD/xhtml1-transitional.dtd">
<html xmlns="http://www.w3.org/1999/xhtml" xml:lang="en" lang="en">
 <head>
  <title>
</title>
<meta http-equiv="Content-Type" content="text/html;charset=utf-8" />
  <meta name='ocr-system' content='tesseract 3.04.00' />
  <meta name='ocr-capabilities' content='ocr_page ocr_carea ocr_par ocr_line ocrx_word'/>
</head>
<body>
  <div class='ocr_page' id='page_1' title='image "./polancicomplemen07pola_0589.png"; bbox 0 0 1891 3292; ppageno 0'>
   <div class='ocr_carea' id='block_1_1' title="bbox 522 185 1661 230">
    <p class='ocr_par' dir='ltr' id='par_1_1' title="bbox 522 185 1661 230">
     <span class='ocr_line' id='line_1_1' title="bbox 522 185 1661 230; baseline 0 -10"><span class='ocrx_word' id='word_1_1' title='bbox 522 188 661 222; x_wconf 81' lang='lat' dir='ltr'><strong>EPIST.</strong></span> <span class='ocrx_word' id='word_1_2' title='bbox 694 185 845 230; x_wconf 85' lang='lat'>287.—1</span> <span class='ocrx_word' id='word_1_3' title='bbox 879 186 1127 220; x_wconf 72' lang='lat' dir='ltr'>NOVEMBRIS</span> <span class='ocrx_word' id='word_1_4' title='bbox 1159 187 1247 230; x_wconf 81' lang='lat'>1576</span> <span class='ocrx_word' id='word_1_5' title='bbox 1591 187 1661 230; x_wconf 84' lang='lat'>567</span> 
     </span>
    </p>
   </div>
   <div class='ocr_carea' id='block_1_2' title="bbox 37 287 1707 2497">
    <p class='ocr_par' dir='ltr' id='par_1_2' title="bbox 37 287 1707 1652">
     <span class='ocr_line' id='line_1_2' title="bbox 76 287 1707 352; baseline -0.005 -16"><span class='ocrx_word' id='word_1_6' title='bbox 76 305 243 352; x_wconf 83' lang='lat' dir='ltr'>presso,</span> <span class='ocrx_word' id='word_1_7' title='bbox 271 290 329 331; x_wconf 91' lang='lat' dir='ltr'>mi</span> <span class='ocrx_word' id='word_1_8' title='bbox 355 298 486 331; x_wconf 88' lang='lat' dir='ltr'>trouo</span> <span class='ocrx_word' id='word_1_9' title='bbox 509 302 592 330; x_wconf 90' lang='lat' dir='ltr'>con</span> <span class='ocrx_word' id='word_1_10' title='bbox 619 289 736 330; x_wconf 91' lang='lat' dir='ltr'>bone</span> <span class='ocrx_word' id='word_1_11' title='bbox 761 288 896 338; x_wconf 88' lang='lat' dir='ltr'>forze,</span> <span class='ocrx_word' id='word_1_12' title='bbox 923 288 1055 330; x_wconf 86' lang='lat' dir='ltr'>etiam</span> <span class='ocrx_word' id='word_1_13' title='bbox 1081 289 1196 331; x_wconf 89' lang='lat' dir='ltr'>nelle</span> <span class='ocrx_word' id='word_1_14' title='bbox 1220 289 1400 342; x_wconf 79' lang='lat' dir='ltr'>gambe,</span> <span class='ocrx_word' id='word_1_15' title='bbox 1429 287 1548 343; x_wconf 83' lang='lat' dir='ltr'>quali</span> <span class='ocrx_word' id='word_1_16' title='bbox 1572 301 1707 329; x_wconf 86' lang='lat' dir='ltr'>erano</span> 
     </span>
     <span class='ocr_line' id='line_1_3' title="bbox 75 364 1705 420; baseline -0.004 -8"><span class='ocrx_word' id='word_1_17' title='bbox 75 370 208 412; x_wconf 88' lang='lat' dir='ltr'>molto</span> <span class='ocrx_word' id='word_1_18' title='bbox 234 366 477 410; x_wconf 87' lang='lat' dir='ltr'>indebolite</span> <span class='ocrx_word' id='word_1_19' title='bbox 500 364 657 420; x_wconf 82' lang='lat' dir='ltr'>prima,</span> <span class='ocrx_word' id='word_1_20' title='bbox 683 371 726 405; x_wconf 90' lang='lat' dir='ltr'>et</span> <span class='ocrx_word' id='word_1_21' title='bbox 752 365 905 405; x_wconf 87' lang='lat' dir='ltr'>hanno</span> <span class='ocrx_word' id='word_1_22' title='bbox 928 365 1113 406; x_wconf 80' lang='lat' dir='ltr'>lasciato</span> <span class='ocrx_word' id='word_1_23' title='bbox 1137 365 1192 406; x_wconf 91' lang='lat' dir='ltr'>de</span> <span class='ocrx_word' id='word_1_24' title='bbox 1220 365 1450 419; x_wconf 77' lang='lat' dir='ltr'>gonfiarsi,</span> <span class='ocrx_word' id='word_1_25' title='bbox 1479 377 1606 406; x_wconf 88' lang='lat' dir='ltr'>come</span> <span class='ocrx_word' id='word_1_26' title='bbox 1637 378 1705 406; x_wconf 82' lang='lat' dir='ltr'>so-</span> 
     </span>
     <span class='ocr_line' id='line_1_4' title="bbox 73 430 1705 498; baseline -0.004 -9"><span class='ocrx_word' id='word_1_27' title='bbox 73 449 244 491; x_wconf 83' lang='lat' dir='ltr'>leuano.</span> <span class='ocrx_word' id='word_1_28' title='bbox 275 430 568 498; x_wconf 82' lang='lat' dir='ltr'>L&#39;opilatione</span> <span class='ocrx_word' id='word_1_29' title='bbox 591 440 725 483; x_wconf 79' lang='lat' dir='ltr'>etiam</span> <span class='ocrx_word' id='word_1_30' title='bbox 751 441 821 482; x_wconf 89' lang='lat' dir='ltr'>del</span> <span class='ocrx_word' id='word_1_31' title='bbox 846 441 985 494; x_wconf 81' lang='lat' dir='ltr'>figato</span> <span class='ocrx_word' id='word_1_32' title='bbox 1008 448 1052 482; x_wconf 87' lang='lat' dir='ltr'>et</span> <span class='ocrx_word' id='word_1_33' title='bbox 1076 449 1277 483; x_wconf 81' lang='lat' dir='ltr'>stomaco</span> <span class='ocrx_word' id='word_1_34' title='bbox 1301 442 1368 483; x_wconf 79' lang='lat' dir='ltr'>s&#39;e</span> <span class='ocrx_word' id='word_1_35' title='bbox 1391 440 1657 483; x_wconf 81' lang='lat' dir='ltr'>cominciata</span> <span class='ocrx_word' id='word_1_36' title='bbox 1681 454 1705 482; x_wconf 88' lang='lat' dir='ltr'>a</span> 
     </span>
     <span class='ocr_line' id='line_1_5' title="bbox 73 516 1703 577; baseline -0.005 -11"><span class='ocrx_word' id='word_1_37' title='bbox 73 522 326 577; x_wconf 83' lang='lat' dir='ltr'>megliorar3</span> <span class='ocrx_word' id='word_1_38' title='bbox 353 520 380 560; x_wconf 92' lang='lat' dir='ltr'>il</span> <span class='ocrx_word' id='word_1_39' title='bbox 405 526 524 562; x_wconf 83' lang='lat' dir='ltr'>resto</span> <span class='ocrx_word' id='word_1_40' title='bbox 548 532 634 560; x_wconf 90' lang='lat' dir='ltr'>con</span> <span class='ocrx_word' id='word_1_41' title='bbox 658 524 809 572; x_wconf 82' lang='lat' dir='ltr'>tempo</span> <span class='ocrx_word' id='word_1_42' title='bbox 832 526 876 558; x_wconf 90' lang='lat' dir='ltr'>et</span> <span class='ocrx_word' id='word_1_43' title='bbox 898 518 1129 559; x_wconf 77' lang='lat' dir='ltr'>essercitio</span> <span class='ocrx_word' id='word_1_44' title='bbox 1152 518 1187 559; x_wconf 77' lang='lat' dir='ltr'>si</span> <span class='ocrx_word' id='word_1_45' title='bbox 1218 520 1273 559; x_wconf 88' lang='lat' dir='ltr'>ha</span> <span class='ocrx_word' id='word_1_46' title='bbox 1297 518 1352 559; x_wconf 90' lang='lat' dir='ltr'>de</span> <span class='ocrx_word' id='word_1_47' title='bbox 1377 519 1457 568; x_wconf 83' lang='lat' dir='ltr'>far,</span> <span class='ocrx_word' id='word_1_48' title='bbox 1489 526 1533 560; x_wconf 84' lang='lat' dir='ltr'>et</span> <span class='ocrx_word' id='word_1_49' title='bbox 1563 532 1651 558; x_wconf 89' lang='lat' dir='ltr'>non</span> <span class='ocrx_word' id='word_1_50' title='bbox 1682 516 1703 559; x_wconf 73' lang='grc' dir='ltr'>ὁ</span> 
     </span>
     <span class='ocr_line' id='line_1_6' title="bbox 72 593 1704 651; baseline -0.004 -10"><span class='ocrx_word' id='word_1_51' title='bbox 72 614 175 642; x_wconf 82' lang='lat' dir='ltr'>cosa</span> <span class='ocrx_word' id='word_1_52' title='bbox 199 600 282 640; x_wconf 89' lang='lat' dir='ltr'>che</span> <span class='ocrx_word' id='word_1_53' title='bbox 307 596 552 651; x_wconf 79' lang='lat' dir='ltr'>impedisca</span> <span class='ocrx_word' id='word_1_54' title='bbox 576 596 615 637; x_wconf 90' lang='lat' dir='ltr'>le</span> <span class='ocrx_word' id='word_1_55' title='bbox 645 593 812 637; x_wconf 88' lang='lat' dir='ltr'>actioni</span> <span class='ocrx_word' id='word_1_56' title='bbox 840 594 946 638; x_wconf 86' lang='lat' dir='ltr'>mie.</span> <span class='ocrx_word' id='word_1_57' title='bbox 976 595 1030 635; x_wconf 78' lang='lat' dir='ltr'>Et</span> <span class='ocrx_word' id='word_1_58' title='bbox 1060 594 1310 636; x_wconf 84' lang='lat' dir='ltr'>l&#39;ordinario</span> <span class='ocrx_word' id='word_1_59' title='bbox 1333 594 1552 636; x_wconf 87' lang='lat' dir='ltr'>comincia</span> <span class='ocrx_word' id='word_1_60' title='bbox 1582 609 1606 636; x_wconf 87' lang='lat' dir='ltr'>a</span> <span class='ocrx_word' id='word_1_61' title='bbox 1629 594 1704 635; x_wconf 89' lang='lat' dir='ltr'>ba-</span> 
     </span>
     <span class='ocr_line' id='line_1_7' title="bbox 71 670 1703 729; baseline -0.004 -10"><span class='ocrx_word' id='word_1_62' title='bbox 71 675 221 719; x_wconf 82' lang='lat' dir='ltr'>starmi</span> <span class='ocrx_word' id='word_1_63' title='bbox 247 682 415 729; x_wconf 85' lang='lat' dir='ltr'>quanto</span> <span class='ocrx_word' id='word_1_64' title='bbox 439 673 478 714; x_wconf 89' lang='lat' dir='ltr'>al</span> <span class='ocrx_word' id='word_1_65' title='bbox 503 672 639 723; x_wconf 87' lang='lat' dir='ltr'>victo,</span> <span class='ocrx_word' id='word_1_66' title='bbox 668 671 847 712; x_wconf 82' lang='lat' dir='ltr'>benche</span> <span class='ocrx_word' id='word_1_67' title='bbox 871 670 897 711; x_wconf 91' lang='lat' dir='ltr'>il</span> <span class='ocrx_word' id='word_1_68' title='bbox 923 671 1095 712; x_wconf 88' lang='lat' dir='ltr'>medico</span> <span class='ocrx_word' id='word_1_69' title='bbox 1117 671 1159 712; x_wconf 90' lang='lat' dir='ltr'>di</span> <span class='ocrx_word' id='word_1_70' title='bbox 1184 686 1270 725; x_wconf 85' lang='lat' dir='ltr'>qua</span> <span class='ocrx_word' id='word_1_71' title='bbox 1289 686 1486 726; x_wconf 78' lang='lat' dir='ltr'>pensaua</span> <span class='ocrx_word' id='word_1_72' title='bbox 1505 670 1703 713; x_wconf 83' lang='lat' dir='ltr'>ordinar-</span> 
     </span>
     <span class='ocr_line' id='line_1_8' title="bbox 71 747 1702 805; baseline -0.002 -11"><span class='ocrx_word' id='word_1_73' title='bbox 71 754 127 794; x_wconf 90' lang='lat' dir='ltr'>mi</span> <span class='ocrx_word' id='word_1_74' title='bbox 149 759 271 795; x_wconf 85' lang='lat' dir='ltr'>certa</span> <span class='ocrx_word' id='word_1_75' title='bbox 295 765 410 805; x_wconf 85' lang='lat' dir='ltr'>aqua</span> <span class='ocrx_word' id='word_1_76' title='bbox 433 751 488 792; x_wconf 89' lang='lat' dir='ltr'>da</span> <span class='ocrx_word' id='word_1_77' title='bbox 514 749 731 791; x_wconf 79' lang='lat' dir='ltr'>mescolar</span> <span class='ocrx_word' id='word_1_78' title='bbox 754 749 823 789; x_wconf 93' lang='grc'>001</span> <span class='ocrx_word' id='word_1_79' title='bbox 845 747 951 788; x_wconf 86' lang='lat' dir='ltr'>vino</span> <span class='ocrx_word' id='word_1_80' title='bbox 977 762 1052 802; x_wconf 86' lang='lat' dir='ltr'>per</span> <span class='ocrx_word' id='word_1_81' title='bbox 1076 763 1133 789; x_wconf 87' lang='lat' dir='ltr'>vn</span> <span class='ocrx_word' id='word_1_82' title='bbox 1159 758 1323 803; x_wconf 83' lang='lat' dir='ltr'>tempo.</span> <span class='ocrx_word' id='word_1_83' title='bbox 1352 750 1396 789; x_wconf 91' lang='grc'>10</span> <span class='ocrx_word' id='word_1_84' title='bbox 1422 749 1526 803; x_wconf 83' lang='lat' dir='ltr'>pero</span> <span class='ocrx_word' id='word_1_85' title='bbox 1546 762 1702 803; x_wconf 85' lang='lat' dir='ltr'>pensa-</span> 
     </span>
     <span class='ocr_line' id='line_1_9' title="bbox 68 824 1701 875; baseline -0.004 -3"><span class='ocrx_word' id='word_1_86' title='bbox 68 843 123 872; x_wconf 82' lang='lat' dir='ltr'>ua</span> <span class='ocrx_word' id='word_1_87' title='bbox 146 827 341 870; x_wconf 86' lang='lat' dir='ltr'>conferir</span> <span class='ocrx_word' id='word_1_88' title='bbox 365 841 445 868; x_wconf 85' lang='lat' dir='ltr'>sua</span> <span class='ocrx_word' id='word_1_89' title='bbox 468 833 636 869; x_wconf 85' lang='lat' dir='ltr'>recetta</span> <span class='ocrx_word' id='word_1_90' title='bbox 655 825 698 866; x_wconf 90' lang='lat' dir='ltr'>in</span> <span class='ocrx_word' id='word_1_91' title='bbox 720 826 876 875; x_wconf 82' lang='lat' dir='ltr'>Roma,</span> <span class='ocrx_word' id='word_1_92' title='bbox 902 831 945 866; x_wconf 86' lang='lat' dir='ltr'>et</span> <span class='ocrx_word' id='word_1_93' title='bbox 971 827 1034 866; x_wconf 74' lang='lat' dir='ltr'>tar</span> <span class='ocrx_word' id='word_1_94' title='bbox 1058 824 1126 866; x_wconf 82' lang='lat' dir='ltr'>cio</span> <span class='ocrx_word' id='word_1_95' title='bbox 1149 827 1234 866; x_wconf 83' lang='lat' dir='ltr'>che</span> <span class='ocrx_word' id='word_1_96' title='bbox 1253 825 1295 866; x_wconf 90' lang='lat' dir='ltr'>di</span> <span class='ocrx_word' id='word_1_97' title='bbox 1320 825 1360 867; x_wconf 72' lang='grc'>13</span> <span class='ocrx_word' id='word_1_98' title='bbox 1385 825 1442 865; x_wconf 86' lang='lat' dir='ltr'>mi</span> <span class='ocrx_word' id='word_1_99' title='bbox 1464 825 1569 866; x_wconf 81' lang='lat' dir='ltr'>fossi</span> <span class='ocrx_word' id='word_1_100' title='bbox 1593 838 1701 866; x_wconf 90' lang='lat' dir='ltr'>con-</span> 
     </span>
     <span class='ocr_line' id='line_1_10' title="bbox 67 888 1702 961; baseline -0.004 -12"><span class='ocrx_word' id='word_1_101' title='bbox 67 906 270 961; x_wconf 81' lang='lat' dir='ltr'>segliat03</span> <span class='ocrx_word' id='word_1_102' title='bbox 297 912 341 946; x_wconf 89' lang='lat' dir='ltr'>et</span> <span class='ocrx_word' id='word_1_103' title='bbox 365 904 424 946; x_wconf 89' lang='lat' dir='ltr'>mi</span> <span class='ocrx_word' id='word_1_104' title='bbox 447 903 622 959; x_wconf 78' lang='lat' dir='ltr'>partina</span> <span class='ocrx_word' id='word_1_105' title='bbox 640 902 668 944; x_wconf 90' lang='lat' dir='ltr'>il</span> <span class='ocrx_word' id='word_1_106' title='bbox 689 888 847 944; x_wconf 73' lang='lat' dir='ltr'>sa&#39;bato</span> <span class='ocrx_word' id='word_1_107' title='bbox 866 911 1098 955; x_wconf 78' lang='lat' dir='ltr'>sequente,</span> <span class='ocrx_word' id='word_1_108' title='bbox 1121 916 1168 944; x_wconf 82' lang='lat' dir='ltr'>se</span> <span class='ocrx_word' id='word_1_109' title='bbox 1191 902 1374 943; x_wconf 73' lang='lat' dir='ltr'>l&#39;vltima</span> <span class='ocrx_word' id='word_1_110' title='bbox 1393 902 1436 943; x_wconf 83' lang='lat' dir='ltr'>di</span> <span class='ocrx_word' id='word_1_111' title='bbox 1457 902 1509 944; x_wconf 92' lang='lat' dir='ltr'>V.</span> <span class='ocrx_word' id='word_1_112' title='bbox 1534 903 1583 943; x_wconf 82' lang='lat' dir='ltr'>P.</span> <span class='ocrx_word' id='word_1_113' title='bbox 1612 915 1702 942; x_wconf 88' lang='lat' dir='ltr'>non</span> 
     </span>
     <span class='ocr_line' id='line_1_11' title="bbox 68 978 1703 1036; baseline -0.004 -11"><span class='ocrx_word' id='word_1_114' title='bbox 68 983 124 1025; x_wconf 92' lang='lat' dir='ltr'>mi</span> <span class='ocrx_word' id='word_1_115' title='bbox 149 989 402 1024; x_wconf 87' lang='lat' dir='ltr'>tratteneua</span> <span class='ocrx_word' id='word_1_116' title='bbox 425 996 503 1036; x_wconf 90' lang='lat' dir='ltr'>per</span> <span class='ocrx_word' id='word_1_117' title='bbox 527 979 676 1022; x_wconf 88' lang='lat' dir='ltr'>alcuni</span> <span class='ocrx_word' id='word_1_118' title='bbox 700 978 847 1035; x_wconf 82' lang='lat' dir='ltr'>giomi</span> <span class='ocrx_word' id='word_1_119' title='bbox 872 979 926 1021; x_wconf 91' lang='lat' dir='ltr'>de</span> <span class='ocrx_word' id='word_1_120' title='bbox 953 978 1028 1033; x_wconf 70' lang='lat' dir='ltr'>pisi</span> <span class='ocrx_word' id='word_1_121' title='bbox 1051 979 1082 1020; x_wconf 72' lang='lat'>².</span> <span class='ocrx_word' id='word_1_122' title='bbox 1113 980 1167 1020; x_wconf 83' lang='lat' dir='ltr'>Et</span> <span class='ocrx_word' id='word_1_123' title='bbox 1192 979 1326 1020; x_wconf 83' lang='lat' dir='ltr'>credo</span> <span class='ocrx_word' id='word_1_124' title='bbox 1350 978 1588 1021; x_wconf 81' lang='lat' dir='ltr'>basterano</span> <span class='ocrx_word' id='word_1_125' title='bbox 1613 979 1703 1019; x_wconf 82' lang='lat' dir='ltr'>suf-</span> 
     </span>
     <span class='ocr_line' id='line_1_12' title="bbox 67 1054 1704 1113; baseline -0.004 -12"><span class='ocrx_word' id='word_1_126' title='bbox 67 1058 523 1102; x_wconf 76' lang='lat' dir='ltr'>ficientissimamente</span> <span class='ocrx_word' id='word_1_127' title='bbox 546 1058 640 1113; x_wconf 82' lang='lat' dir='ltr'>&lt;per</span> <span class='ocrx_word' id='word_1_128' title='bbox 663 1064 799 1099; x_wconf 89' lang='lat' dir='ltr'>conto</span> <span class='ocrx_word' id='word_1_129' title='bbox 822 1056 879 1098; x_wconf 91' lang='lat' dir='ltr'>de</span> <span class='ocrx_word' id='word_1_130' title='bbox 902 1055 988 1097; x_wconf 88' lang='lat' dir='ltr'>mia</span> <span class='ocrx_word' id='word_1_131' title='bbox 1013 1055 1176 1107; x_wconf 64' lang='lat' dir='ltr'>sanita)</span> <span class='ocrx_word' id='word_1_132' title='bbox 1207 1055 1306 1097; x_wconf 88' lang='lat' dir='ltr'>altri</span> <span class='ocrx_word' id='word_1_133' title='bbox 1332 1063 1428 1097; x_wconf 87' lang='lat' dir='ltr'>otto</span> <span class='ocrx_word' id='word_1_134' title='bbox 1457 1054 1519 1106; x_wconf 63' lang='lat' dir='ltr'>di,</span> <span class='ocrx_word' id='word_1_135' title='bbox 1553 1063 1596 1097; x_wconf 92' lang='lat' dir='ltr'>et</span> <span class='ocrx_word' id='word_1_136' title='bbox 1625 1069 1704 1109; x_wconf 90' lang='lat' dir='ltr'>per</span> 
     </span>
     <span class='ocr_line' id='line_1_13' title="bbox 66 1131 1703 1186; baseline -0.004 -7"><span class='ocrx_word' id='word_1_137' title='bbox 66 1144 198 1179; x_wconf 89' lang='lat' dir='ltr'>conto</span> <span class='ocrx_word' id='word_1_138' title='bbox 221 1136 278 1177; x_wconf 89' lang='lat' dir='ltr'>de</span> <span class='ocrx_word' id='word_1_139' title='bbox 299 1135 425 1177; x_wconf 88' lang='lat' dir='ltr'>venir</span> <span class='ocrx_word' id='word_1_140' title='bbox 449 1135 504 1176; x_wconf 93' lang='lat' dir='ltr'>de</span> <span class='ocrx_word' id='word_1_141' title='bbox 527 1133 681 1178; x_wconf 86' lang='lat' dir='ltr'>Sicilia</span> <span class='ocrx_word' id='word_1_142' title='bbox 712 1134 953 1176; x_wconf 74' lang='lat' dir='ltr'>bastetano</span> <span class='ocrx_word' id='word_1_143' title='bbox 988 1132 1406 1186; x_wconf 78' lang='lat' dir='ltr'>ragioneuolmente</span> <span class='ocrx_word' id='word_1_144' title='bbox 1437 1143 1491 1185; x_wconf 88' lang='lat'>50</span> <span class='ocrx_word' id='word_1_145' title='bbox 1520 1131 1582 1186; x_wconf 67' lang='lat' dir='ltr'>di,</span> <span class='ocrx_word' id='word_1_146' title='bbox 1618 1133 1703 1174; x_wconf 90' lang='lat' dir='ltr'>che</span> 
     </span>
     <span class='ocr_line' id='line_1_14' title="bbox 67 1208 1700 1266; baseline -0.004 -11"><span class='ocrx_word' id='word_1_147' title='bbox 67 1213 316 1255; x_wconf 80' lang='lat' dir='ltr'>sarebbono</span> <span class='ocrx_word' id='word_1_148' title='bbox 339 1212 520 1266; x_wconf 85' lang='lat' dir='ltr'>quando</span> <span class='ocrx_word' id='word_1_149' title='bbox 543 1211 585 1252; x_wconf 91' lang='lat' dir='ltr'>io</span> <span class='ocrx_word' id='word_1_150' title='bbox 608 1210 821 1253; x_wconf 82' lang='lat' dir='ltr'>arriuassi</span> <span class='ocrx_word' id='word_1_151' title='bbox 846 1225 869 1252; x_wconf 87' lang='lat' dir='ltr'>a</span> <span class='ocrx_word' id='word_1_152' title='bbox 896 1211 1038 1252; x_wconf 83' lang='lat' dir='ltr'>Roma</span> <span class='ocrx_word' id='word_1_153' title='bbox 1067 1210 1183 1264; x_wconf 90' lang='lat' dir='ltr'>dopo</span> <span class='ocrx_word' id='word_1_154' title='bbox 1215 1210 1302 1252; x_wconf 89' lang='lat' dir='ltr'>che</span> <span class='ocrx_word' id='word_1_155' title='bbox 1331 1208 1419 1251; x_wconf 66' lang='lat' dir='ltr'>vsci</span> <span class='ocrx_word' id='word_1_156' title='bbox 1448 1209 1491 1250; x_wconf 91' lang='lat' dir='ltr'>di</span> <span class='ocrx_word' id='word_1_157' title='bbox 1521 1209 1578 1262; x_wconf 80' lang='grc'>13,</span> <span class='ocrx_word' id='word_1_158' title='bbox 1607 1209 1700 1264; x_wconf 91' lang='grc' dir='ltr'>ρο1-</span> 
     </span>
     <span class='ocr_line' id='line_1_15' title="bbox 63 1286 1700 1342; baseline -0.003 -10"><span class='ocrx_word' id='word_1_159' title='bbox 63 1290 148 1332; x_wconf 81' lang='lat' dir='ltr'>che</span> <span class='ocrx_word' id='word_1_160' title='bbox 172 1288 304 1332; x_wconf 89' lang='lat' dir='ltr'>etiam</span> <span class='ocrx_word' id='word_1_161' title='bbox 330 1303 354 1331; x_wconf 88' lang='lat' dir='ltr'>a</span> <span class='ocrx_word' id='word_1_162' title='bbox 377 1288 448 1330; x_wconf 94' lang='lat' dir='ltr'>chi</span> <span class='ocrx_word' id='word_1_163' title='bbox 473 1295 608 1330; x_wconf 86' lang='lat' dir='ltr'>tratta</span> <span class='ocrx_word' id='word_1_164' title='bbox 637 1301 722 1329; x_wconf 91' lang='lat' dir='ltr'>con</span> <span class='ocrx_word' id='word_1_165' title='bbox 754 1287 962 1342; x_wconf 69' lang='lat' dir='ltr'>apestaffi,</span> <span class='ocrx_word' id='word_1_166' title='bbox 995 1286 1200 1341; x_wconf 78' lang='lat' dir='ltr'>sogliono</span> <span class='ocrx_word' id='word_1_167' title='bbox 1229 1287 1408 1328; x_wconf 80' lang='lat' dir='ltr'>bastare</span> <span class='ocrx_word' id='word_1_168' title='bbox 1437 1298 1509 1339; x_wconf 80' lang='lat'>403</span> <span class='ocrx_word' id='word_1_169' title='bbox 1543 1292 1587 1327; x_wconf 90' lang='lat' dir='ltr'>et</span> <span class='ocrx_word' id='word_1_170' title='bbox 1618 1300 1700 1340; x_wconf 89' lang='lat' dir='ltr'>pur</span> 
     </span>
     <span class='ocr_line' id='line_1_16' title="bbox 65 1363 1699 1421; baseline -0.002 -14"><span class='ocrx_word' id='word_1_171' title='bbox 65 1366 106 1408; x_wconf 95' lang='lat' dir='ltr'>io</span> <span class='ocrx_word' id='word_1_172' title='bbox 127 1380 273 1421; x_wconf 81' lang='lat' dir='ltr'>vengo</span> <span class='ocrx_word' id='word_1_173' title='bbox 296 1367 351 1407; x_wconf 93' lang='lat' dir='ltr'>de</span> <span class='ocrx_word' id='word_1_174' title='bbox 375 1366 615 1420; x_wconf 71' lang='lat' dir='ltr'>Samgosa,</span> <span class='ocrx_word' id='word_1_175' title='bbox 643 1365 743 1406; x_wconf 94' lang='lat' dir='ltr'>loco</span> <span class='ocrx_word' id='word_1_176' title='bbox 767 1364 1020 1414; x_wconf 78' lang='lat' dir='ltr'>sanissimo,</span> <span class='ocrx_word' id='word_1_177' title='bbox 1049 1372 1092 1406; x_wconf 84' lang='lat' dir='ltr'>et</span> <span class='ocrx_word' id='word_1_178' title='bbox 1118 1377 1206 1404; x_wconf 86' lang='lat' dir='ltr'>non</span> <span class='ocrx_word' id='word_1_179' title='bbox 1237 1364 1294 1404; x_wconf 90' lang='lat' dir='ltr'>ho</span> <span class='ocrx_word' id='word_1_180' title='bbox 1319 1370 1588 1406; x_wconf 84' lang='lat' dir='ltr'>conuersato</span> <span class='ocrx_word' id='word_1_181' title='bbox 1612 1363 1699 1404; x_wconf 89' lang='lat' dir='ltr'>mai</span> 
     </span>
     <span class='ocr_line' id='line_1_17' title="bbox 37 1439 1701 1498; baseline -0.002 -13"><span class='ocrx_word' id='word_1_182' title='bbox 37 1457 147 1485; x_wconf 51' lang='lat' dir='ltr'>¹con</span> <span class='ocrx_word' id='word_1_183' title='bbox 176 1443 383 1498; x_wconf 84' lang='lat' dir='ltr'>apestati.</span> <span class='ocrx_word' id='word_1_184' title='bbox 419 1442 637 1485; x_wconf 80' lang='lat' dir='ltr'>Desidero</span> <span class='ocrx_word' id='word_1_185' title='bbox 670 1441 862 1483; x_wconf 83' lang='lat' dir='ltr'>tuttavia</span> <span class='ocrx_word' id='word_1_186' title='bbox 895 1442 1033 1484; x_wconf 88' lang='lat' dir='ltr'>hauer</span> <span class='ocrx_word' id='word_1_187' title='bbox 1069 1441 1259 1496; x_wconf 80' lang='lat' dir='ltr'>risposta</span> <span class='ocrx_word' id='word_1_188' title='bbox 1292 1440 1335 1481; x_wconf 89' lang='lat' dir='ltr'>di</span> <span class='ocrx_word' id='word_1_189' title='bbox 1368 1447 1526 1494; x_wconf 82' lang='lat' dir='ltr'>questa</span> <span class='ocrx_word' id='word_1_190' title='bbox 1561 1439 1701 1494; x_wconf 89' lang='lat' dir='ltr'>prima</span> 
     </span>
     <span class='ocr_line' id='line_1_18' title="bbox 65 1518 1704 1575; baseline -0.002 -13"><span class='ocrx_word' id='word_1_191' title='bbox 65 1522 149 1562; x_wconf 89' lang='lat' dir='ltr'>che</span> <span class='ocrx_word' id='word_1_192' title='bbox 173 1520 230 1562; x_wconf 88' lang='lat' dir='ltr'>mi</span> <span class='ocrx_word' id='word_1_193' title='bbox 257 1529 395 1575; x_wconf 84' lang='lat' dir='ltr'>parta,</span> <span class='ocrx_word' id='word_1_194' title='bbox 431 1535 500 1562; x_wconf 73' lang='lat' dir='ltr'>ina</span> <span class='ocrx_word' id='word_1_195' title='bbox 528 1520 614 1562; x_wconf 86' lang='lat' dir='ltr'>ben</span> <span class='ocrx_word' id='word_1_196' title='bbox 647 1519 705 1560; x_wconf 87' lang='lat' dir='ltr'>mi</span> <span class='ocrx_word' id='word_1_197' title='bbox 736 1533 842 1574; x_wconf 87' lang='lat' dir='ltr'>pare</span> <span class='ocrx_word' id='word_1_198' title='bbox 875 1518 1140 1573; x_wconf 88' lang='lat' dir='ltr'>ch’importa</span> <span class='ocrx_word' id='word_1_199' title='bbox 1173 1519 1370 1559; x_wconf 83' lang='lat' dir='ltr'>conferir</span> <span class='ocrx_word' id='word_1_200' title='bbox 1403 1518 1564 1560; x_wconf 85' lang='lat' dir='ltr'>alcune</span> <span class='ocrx_word' id='word_1_201' title='bbox 1600 1530 1704 1559; x_wconf 87' lang='lat' dir='ltr'>cose</span> 
     </span>
     <span class='ocr_line' id='line_1_19' title="bbox 65 1595 905 1652; baseline -0.002 -13"><span class='ocrx_word' id='word_1_202' title='bbox 65 1610 148 1639; x_wconf 91' lang='lat' dir='ltr'>con</span> <span class='ocrx_word' id='word_1_203' title='bbox 175 1598 232 1640; x_wconf 81' lang='lat' dir='ltr'>V,</span> <span class='ocrx_word' id='word_1_204' title='bbox 260 1599 311 1641; x_wconf 75' lang='lat' dir='ltr'>P.</span> <span class='ocrx_word' id='word_1_205' title='bbox 339 1604 508 1652; x_wconf 83' lang='lat' dir='ltr'>quanto</span> <span class='ocrx_word' id='word_1_206' title='bbox 533 1596 671 1652; x_wconf 83' lang='lat' dir='ltr'>prima</span> <span class='ocrx_word' id='word_1_207' title='bbox 696 1596 733 1638; x_wconf 84' lang='lat' dir='ltr'>si</span> <span class='ocrx_word' id='word_1_208' title='bbox 758 1595 905 1651; x_wconf 68' lang='lat' dir='ltr'>potra.</span> 
     </span>
    </p>

    <p class='ocr_par' dir='ltr' id='par_1_3' title="bbox 55 1671 1704 2345">
     <span class='ocr_line' id='line_1_20' title="bbox 153 1671 1704 1729; baseline -0.003 -13"><span class='ocrx_word' id='word_1_209' title='bbox 153 1686 192 1718; x_wconf 88' lang='lat'>2.</span> <span class='ocrx_word' id='word_1_210' title='bbox 261 1675 343 1716; x_wconf 84' lang='lat' dir='ltr'>Del</span> <span class='ocrx_word' id='word_1_211' title='bbox 373 1688 632 1729; x_wconf 83' lang='lat' dir='ltr'>compagno</span> <span class='ocrx_word' id='word_1_212' title='bbox 667 1674 754 1716; x_wconf 94' lang='lat' dir='ltr'>che</span> <span class='ocrx_word' id='word_1_213' title='bbox 784 1673 844 1715; x_wconf 91' lang='lat' dir='ltr'>mi</span> <span class='ocrx_word' id='word_1_214' title='bbox 877 1672 1072 1728; x_wconf 80' lang='lat' dir='ltr'>assegno</span> <span class='ocrx_word' id='word_1_215' title='bbox 1100 1672 1129 1713; x_wconf 91' lang='lat' dir='ltr'>il</span> <span class='ocrx_word' id='word_1_216' title='bbox 1160 1673 1306 1715; x_wconf 87' lang='lat' dir='ltr'>Padre</span> <span class='ocrx_word' id='word_1_217' title='bbox 1338 1671 1615 1727; x_wconf 85' lang='lat' dir='ltr'>prouinciale</span> <span class='ocrx_word' id='word_1_218' title='bbox 1648 1671 1704 1713; x_wconf 89' lang='lat' dir='ltr'>de</span> 
     </span>
     <span class='ocr_line' id='line_1_21' title="bbox 66 1748 1704 1806; baseline -0.002 -12"><span class='ocrx_word' id='word_1_219' title='bbox 66 1751 229 1806; x_wconf 85' lang='lat' dir='ltr'>Sicilia,</span> <span class='ocrx_word' id='word_1_220' title='bbox 258 1752 359 1794; x_wconf 82' lang='lat' dir='ltr'>ch&#39;e</span> <span class='ocrx_word' id='word_1_221' title='bbox 386 1751 562 1806; x_wconf 87' lang='lat' dir='ltr'>Philipo</span> <span class='ocrx_word' id='word_1_222' title='bbox 587 1750 778 1806; x_wconf 84' lang='lat' dir='ltr'>Malgier</span> <span class='ocrx_word' id='word_1_223' title='bbox 802 1749 831 1803; x_wconf 82' lang='lat'>³,</span> <span class='ocrx_word' id='word_1_224' title='bbox 862 1750 957 1792; x_wconf 81' lang='lat' dir='ltr'>solo</span> <span class='ocrx_word' id='word_1_225' title='bbox 988 1757 1126 1805; x_wconf 81' lang='lat' dir='ltr'>tengo</span> <span class='ocrx_word' id='word_1_226' title='bbox 1154 1751 1238 1791; x_wconf 87' lang='lat' dir='ltr'>che</span> <span class='ocrx_word' id='word_1_227' title='bbox 1261 1749 1344 1800; x_wconf 89' lang='lat' dir='ltr'>dir,</span> <span class='ocrx_word' id='word_1_228' title='bbox 1373 1750 1459 1791; x_wconf 88' lang='lat' dir='ltr'>che</span> <span class='ocrx_word' id='word_1_229' title='bbox 1483 1748 1519 1790; x_wconf 83' lang='lat' dir='ltr'>si</span> <span class='ocrx_word' id='word_1_230' title='bbox 1545 1748 1566 1791; x_wconf 79' lang='grc' dir='ltr'>ὲ</span> <span class='ocrx_word' id='word_1_231' title='bbox 1593 1749 1704 1790; x_wconf 85' lang='lat' dir='ltr'>fatto</span> 
     </span>
     <span class='ocr_line' id='line_1_22' title="bbox 58 1827 1698 1883; baseline -0.002 -12"><span class='ocrx_word' id='word_1_232' title='bbox 58 1842 225 1883; x_wconf 80' lang='lat' dir='ltr'>capace</span> <span class='ocrx_word' id='word_1_233' title='bbox 249 1828 505 1871; x_wconf 89' lang='lat' dir='ltr'>facilmente</span> <span class='ocrx_word' id='word_1_234' title='bbox 529 1830 612 1870; x_wconf 93' lang='lat' dir='ltr'>che</span> <span class='ocrx_word' id='word_1_235' title='bbox 635 1842 725 1870; x_wconf 91' lang='lat' dir='ltr'>non</span> <span class='ocrx_word' id='word_1_236' title='bbox 753 1827 977 1870; x_wconf 90' lang='lat' dir='ltr'>conuiene</span> <span class='ocrx_word' id='word_1_237' title='bbox 1002 1827 1171 1882; x_wconf 81' lang='lat' dir='ltr'>venghi</span> <span class='ocrx_word' id='word_1_238' title='bbox 1193 1841 1272 1882; x_wconf 91' lang='lat' dir='ltr'>per</span> <span class='ocrx_word' id='word_1_239' title='bbox 1297 1827 1456 1869; x_wconf 82' lang='lat' dir='ltr'>adesso</span> <span class='ocrx_word' id='word_1_240' title='bbox 1486 1841 1511 1868; x_wconf 89' lang='lat' dir='ltr'>a</span> <span class='ocrx_word' id='word_1_241' title='bbox 1541 1827 1698 1868; x_wconf 87' lang='lat' dir='ltr'>Roma.</span> 
     </span>
     <span class='ocr_line' id='line_1_23' title="bbox 63 1902 1701 1961; baseline -0.003 -13"><span class='ocrx_word' id='word_1_242' title='bbox 63 1906 132 1948; x_wconf 90' lang='lat' dir='ltr'>Ma</span> <span class='ocrx_word' id='word_1_243' title='bbox 157 1906 316 1960; x_wconf 79' lang='lat' dir='ltr'>poiche</span> <span class='ocrx_word' id='word_1_244' title='bbox 347 1905 422 1960; x_wconf 86' lang='lat' dir='ltr'>qui</span> <span class='ocrx_word' id='word_1_245' title='bbox 451 1905 496 1946; x_wconf 92' lang='lat' dir='ltr'>in</span> <span class='ocrx_word' id='word_1_246' title='bbox 527 1905 688 1961; x_wconf 87' lang='lat' dir='ltr'>Napoli</span> <span class='ocrx_word' id='word_1_247' title='bbox 717 1905 986 1948; x_wconf 82' lang='lat' dir='ltr'>desiderano</span> <span class='ocrx_word' id='word_1_248' title='bbox 1021 1903 1236 1958; x_wconf 80' lang='lat' dir='ltr'>theologi,</span> <span class='ocrx_word' id='word_1_249' title='bbox 1268 1911 1312 1946; x_wconf 89' lang='lat' dir='ltr'>et</span> <span class='ocrx_word' id='word_1_250' title='bbox 1342 1903 1403 1945; x_wconf 86' lang='lat' dir='ltr'>lui</span> <span class='ocrx_word' id='word_1_251' title='bbox 1433 1905 1491 1945; x_wconf 87' lang='lat' dir='ltr'>ha</span> <span class='ocrx_word' id='word_1_252' title='bbox 1518 1903 1643 1944; x_wconf 85' lang='lat' dir='ltr'>vdito</span> <span class='ocrx_word' id='word_1_253' title='bbox 1671 1902 1701 1944; x_wconf 87' lang='lat' dir='ltr'>il</span> 
     </span>
     <span class='ocr_line' id='line_1_24' title="bbox 57 1979 1697 2035; baseline -0.002 -11"><span class='ocrx_word' id='word_1_254' title='bbox 57 1996 201 2035; x_wconf 82' lang='lat' dir='ltr'>corso,</span> <span class='ocrx_word' id='word_1_255' title='bbox 228 1983 263 2025; x_wconf 80' lang='lat' dir='ltr'>si</span> <span class='ocrx_word' id='word_1_256' title='bbox 289 1983 614 2025; x_wconf 78' lang='lat' dir='ltr'>consolarebbe</span> <span class='ocrx_word' id='word_1_257' title='bbox 637 1984 720 2025; x_wconf 91' lang='lat' dir='ltr'>che</span> <span class='ocrx_word' id='word_1_258' title='bbox 745 1983 799 2025; x_wconf 92' lang='lat' dir='ltr'>V.</span> <span class='ocrx_word' id='word_1_259' title='bbox 831 1984 882 2024; x_wconf 89' lang='lat' dir='ltr'>P.</span> <span class='ocrx_word' id='word_1_260' title='bbox 909 1981 946 2024; x_wconf 84' lang='lat' dir='ltr'>si</span> <span class='ocrx_word' id='word_1_261' title='bbox 983 1980 1261 2025; x_wconf 79' lang='lat' dir='ltr'>contentassi</span> <span class='ocrx_word' id='word_1_262' title='bbox 1290 1982 1374 2024; x_wconf 91' lang='lat' dir='ltr'>che</span> <span class='ocrx_word' id='word_1_263' title='bbox 1397 1980 1578 2023; x_wconf 80' lang='lat' dir='ltr'>restassi</span> <span class='ocrx_word' id='word_1_264' title='bbox 1605 1979 1697 2035; x_wconf 79' lang='lat' dir='ltr'>qui3</span> 
     </span>
     <span class='ocr_line' id='line_1_25' title="bbox 61 2058 1699 2115; baseline -0.003 -12"><span class='ocrx_word' id='word_1_265' title='bbox 61 2059 218 2115; x_wconf 71' lang='lat' dir='ltr'>perche</span> <span class='ocrx_word' id='word_1_266' title='bbox 242 2059 272 2101; x_wconf 87' lang='lat' dir='ltr'>il</span> <span class='ocrx_word' id='word_1_267' title='bbox 296 2067 475 2101; x_wconf 82' lang='lat' dir='ltr'>tornare</span> <span class='ocrx_word' id='word_1_268' title='bbox 499 2074 523 2101; x_wconf 86' lang='lat' dir='ltr'>a</span> <span class='ocrx_word' id='word_1_269' title='bbox 546 2059 701 2103; x_wconf 86' lang='lat' dir='ltr'>Sicilia</span> <span class='ocrx_word' id='word_1_270' title='bbox 723 2059 750 2100; x_wconf 93' lang='lat' dir='ltr'>li</span> <span class='ocrx_word' id='word_1_271' title='bbox 772 2060 961 2101; x_wconf 79' lang='lat' dir='ltr'>sarebbe</span> <span class='ocrx_word' id='word_1_272' title='bbox 980 2058 1055 2114; x_wconf 67' lang='lat' dir='ltr'>gia</span> <span class='ocrx_word' id='word_1_273' title='bbox 1083 2058 1444 2111; x_wconf 79' lang='lat' dir='ltr'>mortificatione,</span> <span class='ocrx_word' id='word_1_274' title='bbox 1473 2065 1699 2112; x_wconf 88' lang='lat' dir='ltr'>quantun-</span> 
     </span>
     <span class='ocr_line' id='line_1_26' title="bbox 56 2134 1699 2191; baseline -0.002 -12"><span class='ocrx_word' id='word_1_275' title='bbox 56 2150 144 2191; x_wconf 87' lang='lat' dir='ltr'>que</span> <span class='ocrx_word' id='word_1_276' title='bbox 166 2136 348 2179; x_wconf 56' lang='lat' dir='ltr'>obedis&amp;</span> <span class='ocrx_word' id='word_1_277' title='bbox 374 2149 502 2178; x_wconf 90' lang='lat' dir='ltr'>come</span> <span class='ocrx_word' id='word_1_278' title='bbox 525 2137 647 2178; x_wconf 89' lang='lat' dir='ltr'>buon</span> <span class='ocrx_word' id='word_1_279' title='bbox 673 2136 918 2191; x_wconf 80' lang='lat' dir='ltr'>relligioso,</span> <span class='ocrx_word' id='word_1_280' title='bbox 945 2151 993 2180; x_wconf 82' lang='lat' dir='ltr'>se</span> <span class='ocrx_word' id='word_1_281' title='bbox 1018 2135 1209 2178; x_wconf 87' lang='lat' dir='ltr'>tuttavia</span> <span class='ocrx_word' id='word_1_282' title='bbox 1233 2150 1281 2179; x_wconf 83' lang='lat' dir='ltr'>se</span> <span class='ocrx_word' id='word_1_283' title='bbox 1304 2134 1332 2175; x_wconf 88' lang='lat' dir='ltr'>li</span> <span class='ocrx_word' id='word_1_284' title='bbox 1355 2135 1590 2178; x_wconf 88' lang='lat' dir='ltr'>comanda.</span> <span class='ocrx_word' id='word_1_285' title='bbox 1615 2134 1699 2177; x_wconf 93' lang='lat' dir='ltr'>Lui</span> 
     </span>
     <span class='ocr_line' id='line_1_27' title="bbox 55 2210 1698 2268; baseline -0.001 -14"><span class='ocrx_word' id='word_1_286' title='bbox 55 2211 81 2255; x_wconf 82' lang='grc' dir='ltr'>ὲ</span> <span class='ocrx_word' id='word_1_287' title='bbox 102 2213 156 2254; x_wconf 90' lang='lat' dir='ltr'>de</span> <span class='ocrx_word' id='word_1_288' title='bbox 180 2213 373 2268; x_wconf 84' lang='lat' dir='ltr'>Rhegio,</span> <span class='ocrx_word' id='word_1_289' title='bbox 400 2213 518 2255; x_wconf 90' lang='lat' dir='ltr'>doue</span> <span class='ocrx_word' id='word_1_290' title='bbox 540 2213 700 2256; x_wconf 81' lang='lat' dir='ltr'>adesso</span> <span class='ocrx_word' id='word_1_291' title='bbox 723 2213 763 2254; x_wconf 91' lang='grc'>31</span> <span class='ocrx_word' id='word_1_292' title='bbox 786 2212 913 2256; x_wconf 88' lang='lat' dir='ltr'>venir</span> <span class='ocrx_word' id='word_1_293' title='bbox 937 2214 995 2254; x_wconf 90' lang='lat' dir='ltr'>ha</span> <span class='ocrx_word' id='word_1_294' title='bbox 1023 2212 1226 2267; x_wconf 78' lang='lat' dir='ltr'>disposto</span> <span class='ocrx_word' id='word_1_295' title='bbox 1249 2212 1304 2253; x_wconf 93' lang='lat' dir='ltr'>de</span> <span class='ocrx_word' id='word_1_296' title='bbox 1333 2211 1431 2253; x_wconf 86' lang='lat' dir='ltr'>suoi</span> <span class='ocrx_word' id='word_1_297' title='bbox 1455 2210 1573 2262; x_wconf 89' lang='lat' dir='ltr'>beni,</span> <span class='ocrx_word' id='word_1_298' title='bbox 1606 2210 1698 2252; x_wconf 85' lang='lat' dir='ltr'>aiu-</span> 
     </span>
     <span class='ocr_line' id='line_1_28' title="bbox 59 2289 1161 2345; baseline 0.001 -15"><span class='ocrx_word' id='word_1_299' title='bbox 59 2290 193 2332; x_wconf 90' lang='lat' dir='ltr'>tando</span> <span class='ocrx_word' id='word_1_300' title='bbox 219 2290 320 2344; x_wconf 88' lang='lat' dir='ltr'>quel</span> <span class='ocrx_word' id='word_1_301' title='bbox 344 2290 555 2345; x_wconf 82' lang='lat' dir='ltr'>collegio,</span> <span class='ocrx_word' id='word_1_302' title='bbox 581 2303 710 2332; x_wconf 90' lang='lat' dir='ltr'>come</span> <span class='ocrx_word' id='word_1_303' title='bbox 733 2289 831 2333; x_wconf 79' lang='lat' dir='ltr'>diro</span> <span class='ocrx_word' id='word_1_304' title='bbox 854 2289 898 2331; x_wconf 90' lang='lat' dir='ltr'>in</span> <span class='ocrx_word' id='word_1_305' title='bbox 927 2303 1161 2345; x_wconf 80' lang='lat' dir='ltr'>presenza.</span> 
     </span>
    </p>

    <p class='ocr_par' dir='ltr' id='par_1_4' title="bbox 48 2365 1696 2497">
     <span class='ocr_line' id='line_1_29' title="bbox 145 2365 1696 2421; baseline -0.002 -13"><span class='ocrx_word' id='word_1_306' title='bbox 145 2368 247 2408; x_wconf 91' lang='lat' dir='ltr'>Non</span> <span class='ocrx_word' id='word_1_307' title='bbox 271 2367 383 2408; x_wconf 88' lang='lat' dir='ltr'>altro</span> <span class='ocrx_word' id='word_1_308' title='bbox 408 2381 486 2421; x_wconf 85' lang='grc' dir='ltr'>ρετ</span> <span class='ocrx_word' id='word_1_309' title='bbox 510 2367 686 2417; x_wconf 82' lang='lat' dir='ltr'>adesso,</span> <span class='ocrx_word' id='word_1_310' title='bbox 714 2381 762 2408; x_wconf 84' lang='lat' dir='ltr'>se</span> <span class='ocrx_word' id='word_1_311' title='bbox 785 2381 876 2408; x_wconf 91' lang='lat' dir='ltr'>non</span> <span class='ocrx_word' id='word_1_312' title='bbox 903 2366 1203 2409; x_wconf 87' lang='lat' dir='ltr'>humilmente</span> <span class='ocrx_word' id='word_1_313' title='bbox 1225 2365 1473 2407; x_wconf 76' lang='lat' dir='ltr'>domandar</span> <span class='ocrx_word' id='word_1_314' title='bbox 1498 2365 1537 2406; x_wconf 92' lang='grc'>13</span> <span class='ocrx_word' id='word_1_315' title='bbox 1562 2365 1696 2406; x_wconf 87' lang='lat' dir='ltr'>bene-</span> 
     </span>
     <span class='ocr_line' id='line_1_30' title="bbox 48 2442 1693 2497; baseline -0.001 -13"><span class='ocrx_word' id='word_1_316' title='bbox 48 2442 251 2485; x_wconf 85' lang='lat' dir='ltr'>dictione</span> <span class='ocrx_word' id='word_1_317' title='bbox 274 2445 329 2486; x_wconf 90' lang='lat' dir='ltr'>de</span> <span class='ocrx_word' id='word_1_318' title='bbox 353 2445 409 2487; x_wconf 91' lang='lat' dir='ltr'>V.</span> <span class='ocrx_word' id='word_1_319' title='bbox 440 2445 488 2486; x_wconf 83' lang='lat' dir='ltr'>P.</span> <span class='ocrx_word' id='word_1_320' title='bbox 517 2450 560 2487; x_wconf 93' lang='lat' dir='ltr'>et</span> <span class='ocrx_word' id='word_1_321' title='bbox 583 2451 713 2486; x_wconf 75' lang='lat' dir='ltr'>sante</span> <span class='ocrx_word' id='word_1_322' title='bbox 738 2444 948 2487; x_wconf 83' lang='lat' dir='ltr'>orationi.</span> <span class='ocrx_word' id='word_1_323' title='bbox 977 2445 1044 2485; x_wconf 91' lang='lat' dir='ltr'>De</span> <span class='ocrx_word' id='word_1_324' title='bbox 1068 2442 1228 2497; x_wconf 84' lang='lat' dir='ltr'>Napoli</span> <span class='ocrx_word' id='word_1_325' title='bbox 1253 2442 1395 2496; x_wconf 89' lang='lat' dir='ltr'>primo</span> <span class='ocrx_word' id='word_1_326' title='bbox 1420 2442 1475 2484; x_wconf 90' lang='lat' dir='ltr'>de</span> <span class='ocrx_word' id='word_1_327' title='bbox 1499 2442 1693 2484; x_wconf 89' lang='lat' dir='ltr'>Nouem-</span> 
     </span>
    </p>
   </div>
   <div class='ocr_carea' id='block_1_3' title="bbox 58 2521 1454 2733">
    <p class='ocr_par' dir='ltr' id='par_1_5' title="bbox 58 2521 1454 2733">
     <span class='ocr_line' id='line_1_31' title="bbox 58 2521 292 2575; baseline 0.009 -14"><span class='ocrx_word' id='word_1_328' title='bbox 58 2521 136 2562; x_wconf 86' lang='lat' dir='ltr'>bre</span> <span class='ocrx_word' id='word_1_329' title='bbox 165 2521 292 2575; x_wconf 81' lang='lat'>1576.</span> 
     </span>
     <span class='ocr_line' id='line_1_32' title="bbox 145 2599 979 2654; baseline 0 -14"><span class='ocrx_word' id='word_1_330' title='bbox 145 2599 212 2640; x_wconf 94' lang='lat' dir='ltr'>De</span> <span class='ocrx_word' id='word_1_331' title='bbox 235 2599 294 2642; x_wconf 88' lang='lat' dir='ltr'>V.</span> <span class='ocrx_word' id='word_1_332' title='bbox 323 2600 372 2641; x_wconf 87' lang='lat' dir='ltr'>P.</span> <span class='ocrx_word' id='word_1_333' title='bbox 400 2613 532 2641; x_wconf 82' lang='lat' dir='ltr'>seruo</span> <span class='ocrx_word' id='word_1_334' title='bbox 555 2607 598 2643; x_wconf 91' lang='lat' dir='ltr'>et</span> <span class='ocrx_word' id='word_1_335' title='bbox 623 2599 793 2654; x_wconf 81' lang='lat' dir='ltr'>figliolo</span> <span class='ocrx_word' id='word_1_336' title='bbox 815 2599 860 2642; x_wconf 87' lang='lat' dir='ltr'>in</span> <span class='ocrx_word' id='word_1_337' title='bbox 880 2599 979 2651; x_wconf 90' lang='lat' dir='ltr'><strong>X.⁰‚</strong></span> 
     </span>
     <span class='ocr_line' id='line_1_33' title="bbox 748 2673 1454 2733; baseline -0.004 -14"><span class='ocrx_word' id='word_1_338' title='bbox 748 2677 778 2733; x_wconf 79' lang='lat'>†</span> <span class='ocrx_word' id='word_1_339' title='bbox 797 2678 990 2733; x_wconf 83' lang='lat' dir='ltr'>JOANNE</span> <span class='ocrx_word' id='word_1_340' title='bbox 1014 2689 1075 2718; x_wconf 86' lang='lat' dir='ltr'>DE</span> <span class='ocrx_word' id='word_1_341' title='bbox 1101 2677 1343 2718; x_wconf 79' lang='lat' dir='ltr'>POLANCO.</span> <span class='ocrx_word' id='word_1_342' title='bbox 1372 2673 1399 2729; x_wconf 76' lang='lat'>†</span> <span class='ocrx_word' id='word_1_343' title='bbox 1424 2673 1454 2717; x_wconf 73' lang='lat'>⁴.</span> 
     </span>
    </p>
   </div>
   <div class='ocr_carea' id='block_1_4' title="bbox 57 2815 1698 3042">
    <p class='ocr_par' dir='ltr' id='par_1_6' title="bbox 57 2815 1692 2920">
     <span class='ocr_line' id='line_1_34' title="bbox 125 2815 1692 2864; baseline -0.001 -13"><span class='ocrx_word' id='word_1_344' title='bbox 125 2815 137 2835; x_wconf 82' lang='lat'><strong>²</strong></span> <span class='ocrx_word' id='word_1_345' title='bbox 187 2815 252 2852; x_wconf 86' lang='lat' dir='ltr'>Cf.</span> <span class='ocrx_word' id='word_1_346' title='bbox 276 2816 391 2863; x_wconf 76' lang='lat' dir='ltr'>epist.</span> <span class='ocrx_word' id='word_1_347' title='bbox 412 2818 604 2863; x_wconf 67' lang='lat' dir='ltr'>praeced„</span> <span class='ocrx_word' id='word_1_348' title='bbox 627 2824 759 2854; x_wconf 86' lang='lat' dir='ltr'>annot.</span> <span class='ocrx_word' id='word_1_349' title='bbox 782 2827 814 2854; x_wconf 86' lang='lat'>2.</span> <span class='ocrx_word' id='word_1_350' title='bbox 837 2820 924 2864; x_wconf 77' lang='lat' dir='ltr'>Qua</span> <span class='ocrx_word' id='word_1_351' title='bbox 944 2830 1038 2853; x_wconf 87' lang='lat' dir='ltr'>vero</span> <span class='ocrx_word' id='word_1_352' title='bbox 1056 2818 1119 2852; x_wconf 88' lang='lat' dir='ltr'>die</span> <span class='ocrx_word' id='word_1_353' title='bbox 1138 2818 1298 2852; x_wconf 86' lang='lat' dir='ltr'>Romam</span> <span class='ocrx_word' id='word_1_354' title='bbox 1314 2817 1552 2863; x_wconf 85' lang='lat' dir='ltr'>pervenerit,</span> <span class='ocrx_word' id='word_1_355' title='bbox 1581 2816 1692 2851; x_wconf 90' lang='lat' dir='ltr'>nobis</span> 
     </span>
     <span class='ocr_line' id='line_1_35' title="bbox 57 2860 689 2920; baseline 0.009 -13"><span class='ocrx_word' id='word_1_356' title='bbox 57 2872 300 2920; x_wconf 83' lang='lat' dir='ltr'>impervium.</span> <span class='ocrx_word' id='word_1_357' title='bbox 321 2876 381 2911; x_wconf 85' lang='lat' dir='ltr'>Cf.</span> <span class='ocrx_word' id='word_1_358' title='bbox 404 2860 579 2913; x_wconf 62' lang='lat' dir='ltr'>xfionum.</span> <span class='ocrx_word' id='word_1_359' title='bbox 604 2877 689 2913; x_wconf 87' lang='lat'><strong>288.</strong></span> 
     </span>
    </p>

    <p class='ocr_par' dir='ltr' id='par_1_7' title="bbox 125 2934 917 2981">
     <span class='ocr_line' id='line_1_36' title="bbox 125 2934 917 2981; baseline 0.006 -13"><span class='ocrx_word' id='word_1_360' title='bbox 125 2934 139 2953; x_wconf 77' lang='lat'>³</span> <span class='ocrx_word' id='word_1_361' title='bbox 189 2934 287 2970; x_wconf 89' lang='lat' dir='ltr'>Vide</span> <span class='ocrx_word' id='word_1_362' title='bbox 307 2937 423 2981; x_wconf 87' lang='lat' dir='ltr'>epist.</span> <span class='ocrx_word' id='word_1_363' title='bbox 445 2936 526 2981; x_wconf 84' lang='lat'>285,</span> <span class='ocrx_word' id='word_1_364' title='bbox 548 2949 586 2972; x_wconf 87' lang='lat' dir='ltr'>n.</span> <span class='ocrx_word' id='word_1_365' title='bbox 606 2936 641 2980; x_wconf 85' lang='lat'>3,</span> <span class='ocrx_word' id='word_1_366' title='bbox 663 2943 701 2972; x_wconf 92' lang='lat' dir='ltr'>et</span> <span class='ocrx_word' id='word_1_367' title='bbox 721 2942 857 2972; x_wconf 88' lang='lat' dir='ltr'>annot.</span> <span class='ocrx_word' id='word_1_368' title='bbox 882 2936 917 2973; x_wconf 82' lang='lat'>3.</span> 
     </span>
    </p>

    <p class='ocr_par' dir='ltr' id='par_1_8' title="bbox 124 2993 1698 3042">
     <span class='ocr_line' id='line_1_37' title="bbox 124 2993 1698 3042; baseline 0.001 -14"><span class='ocrx_word' id='word_1_369' title='bbox 124 2993 138 3012; x_wconf 75' lang='lat'><strong>⁴</strong></span> <span class='ocrx_word' id='word_1_370' title='bbox 190 2994 257 3029; x_wconf 86' lang='lat' dir='ltr'>Est</span> <span class='ocrx_word' id='word_1_371' title='bbox 275 3006 442 3041; x_wconf 86' lang='lat' dir='ltr'>sequens</span> <span class='ocrx_word' id='word_1_372' title='bbox 461 3001 548 3041; x_wconf 83' lang='lat' dir='ltr'>post</span> <span class='ocrx_word' id='word_1_373' title='bbox 567 2996 769 3042; x_wconf 88' lang='lat' dir='ltr'>scriptum,</span> <span class='ocrx_word' id='word_1_374' title='bbox 798 2996 836 3030; x_wconf 89' lang='lat' dir='ltr'>in</span> <span class='ocrx_word' id='word_1_375' title='bbox 860 3006 935 3042; x_wconf 87' lang='lat' dir='ltr'>quo</span> <span class='ocrx_word' id='word_1_376' title='bbox 962 3001 1120 3041; x_wconf 86' lang='lat' dir='ltr'>apparet</span> <span class='ocrx_word' id='word_1_377' title='bbox 1148 3000 1347 3041; x_wconf 87' lang='lat' dir='ltr'>acceptam</span> <span class='ocrx_word' id='word_1_378' title='bbox 1374 3000 1593 3041; x_wconf 85' lang='lat' dir='ltr'>opportune</span> <span class='ocrx_word' id='word_1_379' title='bbox 1620 2994 1698 3041; x_wconf 88' lang='lat' dir='ltr'>epi-</span> 
     </span>
    </p>
   </div>
  </div>
 </body>
</html>
