1891 3292
283 196 352 229 660
788 195 974 230 POLANOE
1001 204 1316 230 COMPLEMENTA

234 302 300 339 ret
338 310 446 336 num
485 295 582 337 eius
615 295 893 336 dotationem
929 296 1063 338 vellet
1097 295 1341 350 suscipere,
1378 297 1742 351 quandoquidem
1774 299 1858 345 iam

232 356 413 396 domum
442 354 568 396 Pauli
585 352 647 396 IV
666 352 833 410 et[iam]
870 355 1081 407 habebat3
1118 363 1162 396 et
1196 354 1394 409 benigne
1428 369 1631 398 summus
1663 358 1862 411 pontifex

233 427 324 454 rem
348 413 538 464 audiuit,
564 420 608 454 et
631 413 888 455 memoriale
909 413 1126 467 scriptum
1150 414 1356 468 sumpsit,
1381 421 1425 455 et
1456 428 1537 455 sua
1566 429 1700 456 manu
1731 424 1857 461 nota-

232 471 296 513 uit
340 488 355 510 «
371 473 438 514 De
475 471 668 526 collegio
707 485 947 513 romano».
990 472 1280 527 Significauit
1319 472 1464 514 eidem
1502 474 1558 516 P.
1609 475 1857 538 generalis,

231 536 400 583 quanta
422 544 505 572 nos
527 530 835 572 consolatione
853 530 1052 573 afficeret
1070 545 1152 573 suo
1171 531 1304 572 modo
1322 531 1629 586 procedendi
1619 546 1663 573 1n
1688 546 1859 590 compo-

229 588 470 631 sitionibus
501 603 592 630 non
625 589 931 655 admittendis,
967 597 1012 632 et
1044 604 1153 644 erga
1186 589 1556 644 consanguineos
1587 597 1676 632 tam
1709 606 1858 646 parum

228 648 511 690 ostendendo
543 648 691 690 carnis
724 656 769 690 et
801 648 1039 703 sanguinis
1072 650 1301 702 affectum,
1338 649 1486 691 Deum
1522 663 1704 703 rogans,
1739 658 1787 692 vt
1816 652 1859 695 in

229 707 345 748 bene
368 707 513 761 ceptis
531 714 858 762 perseueraret,
884 708 1099 761 quamdiu
1123 707 1261 749 vitam
1286 708 1414 750 daret
1437 709 1578 761 Deus,
1611 722 1744 762 quarn
1767 710 1858 754 diu-

230 773 408 808 turnam
432 779 718 820 cuperemus3
744 773 789 808 et
812 766 1004 808 libenter
1027 767 1151 808 visus
1173 773 1241 808 est
1264 766 1437 817 audire,
1464 774 1508 809 et
1526 782 1574 809 se
1593 767 1715 808 nullo
1732 770 1860 812 modo

229 825 345 868 velle
363 839 469 866 suos
487 839 678 878 magnos
697 825 844 868 facere
863 825 978 868 Velle
997 825 1094 881 [sic]
1115 825 1195 868 sed
1213 838 1265 867 ea
1280 832 1456 867 tantum
1474 839 1589 879 quae
1608 827 1662 867 ad
1679 826 1762 868 Dei
1780 828 1856 870 ho-

230 898 383 926 norem
409 892 452 926 et
476 884 666 938 gloriam
690 891 843 926 essent
873 884 1042 937 futura,
1076 886 1120 925 in
1151 898 1234 925 suo
1265 884 1531 938 pontificatu
1563 885 1679 927 velle
1707 899 1853 940 agere.

230 944 297 985 De
320 942 487 984 iubileo
511 942 644 985 etiam
668 943 912 984 indicendo
936 943 994 984 ob
1018 950 1172 985 turcae
1201 942 1478 985 imminentis
1506 943 1769 998 aduentum,
1793 953 1858 988 est

228 1001 268 1044 ei
291 1002 524 1044 redactum
549 1002 592 1043 in
618 1002 893 1053 memoriam,
920 1010 965 1043 et
989 1002 1099 1043 dixit
1123 1016 1171 1044 se
1194 1001 1238 1043 id
1263 1003 1508 1043 facturum.
1535 1002 1783 1045 Consultus
1803 1004 1856 1047 de

229 1060 400 1101 boemis
424 1060 573 1115 pueris
597 1060 888 1103 admittendis
911 1061 966 1102 ad
990 1060 1319 1103 institutionem
1344 1061 1388 1102 in
1412 1061 1608 1115 collegio
1631 1062 1854 1115 pragensi,

227 1133 329 1161 cum
356 1128 502 1173 patres
526 1121 697 1161 nollent
719 1134 797 1161 eos
820 1119 996 1161 letaniis
1019 1119 1237 1162 interesse
1260 1134 1343 1162 nec
1367 1120 1423 1161 de
1446 1120 1535 1162 fide
1558 1133 1661 1161 cum
1684 1120 1748 1162 eis
1770 1135 1852 1163 ser·

227 1192 406 1221 monem
425 1179 597 1230 haberi,
624 1178 798 1221 censuit
823 1192 912 1219 non
942 1193 1041 1221 esse
1070 1177 1376 1221 admittendos
1406 1192 1511 1220 cum
1541 1178 1610 1219 his
1639 1179 1853 1222 conditio-

228 1237 375 1287 nibus,
402 1239 480 1279 sed
504 1237 744 1280 dicendum
768 1238 889 1291 quod
914 1245 1063 1279 noster
1092 1237 1306 1291 loquendi
1336 1237 1496 1279 modus
1526 1238 1728 1292 (nuestro
1756 1239 1848 1280 len-

226 1296 375 1351 guaje)
401 1297 473 1338 hic
497 1304 606 1348 erat,
631 1296 818 1347 scilicet,
840 1296 1063 1339 catholice
1087 1295 1227 1349 loqui,
1248 1303 1334 1337 etc.
1362 1297 1600 1351 Quaedam
1624 1297 1756 1339 etiam
1783 1297 1854 1339 vni

226 1370 280 1397 ex
303 1356 468 1397 nostris
492 1355 740 1397 commissit
764 1355 808 1395 in
833 1354 1102 1409 quibusdam
1127 1355 1331 1397 ecclesiis
1353 1355 1551 1397 romanis
1581 1356 1848 1410 peragenda.

320 1415 413 1470 Ida
437 1414 667 1457 Februarii
686 1414 960 1469 significauit
983 1415 1101 1455 Patri
1124 1414 1382 1469 Rodriguez
1400 1414 1495 1468 (qui
1513 1414 1658 1468 ipsum
1679 1421 1850 1468 propter

226 1473 309 1514 alia
332 1473 518 1526 adierat)
544 1474 656 1515 velle
679 1488 726 1515 se
749 1472 1057 1514 fundationem
1078 1472 1257 1538 collegii
1277 1474 1449 1514 romani
1468 1474 1630 1523 facere,
1658 1473 1851 1515 redditus

226 1533 556 1574 ecclesiasticos
579 1532 766 1574 alicuius
789 1531 978 1584 abatiae,
1006 1533 1075 1573 vel
1100 1531 1162 1572 rei
1185 1531 1340 1573 similis
1362 1532 1645 1587 applicand03
1672 1539 1717 1574 et
1744 1531 1849 1575 inte·

226 1591 306 1632 rim
331 1601 385 1644 50
409 1606 586 1642 aureos,
612 1605 724 1645 quos
747 1590 936 1645 singulis
961 1591 1192 1634 mensibus
1216 1590 1312 1633 eius
1329 1592 1646 1646 praedecessor
1664 1590 1852 1654 collegio

224 1650 375 1704 dabat,
402 1651 518 1691 solui
540 1650 687 1692 iussit.

320 1721 383 1751 10.
392 1708 410 1727 ⁰
474 1710 589 1751 Cum
624 1708 860 1751 cardinalis
893 1714 1176 1763 augustanus
1211 1720 1260 1761 13
1290 1707 1522 1750 Februarii
1552 1708 1734 1749 domum
1766 1722 1842 1749 no-

225 1774 359 1809 stram
386 1768 598 1814 venisset,
626 1775 777 1809 actum
801 1774 868 1808 est
891 1768 946 1808 de
968 1774 1088 1808 statu
1111 1767 1288 1822 collegii
1311 1775 1355 1808 et
1385 1767 1690 1810 Vniuersitatis
1713 1766 1846 1809 Dilin-

223 1840 341 1881 guae
359 1827 653 1878 immutando,
677 1833 808 1880 prout
826 1826 870 1867 in
888 1826 1187 1867 instrumento
1204 1833 1248 1868 et
1267 1840 1385 1867 noua
1404 1827 1525 1868 bulla
1544 1825 1784 1877 videbitur3
1805 1831 1847 1869 et

224 1886 358 1928 rebus
382 1886 640 1927 constitutis
663 1885 781 1926 domi
806 1893 984 1927 nostrae
1009 1899 1197 1939 pransus
1220 1893 1287 1927 est
1312 1885 1411 1937 (toti
1434 1884 1553 1926 enim
1577 1885 1730 1926 domui
1752 1898 1843 1939 pro-

226 1944 397 1986 uiderat
419 1945 597 1987 abunde
616 1945 671 1985 de
689 1944 836 1996 cibis);
857 1952 901 1985 et
920 1952 1018 1998 post
1038 1944 1270 1997 prandium
1295 1958 1396 1985 cum
1415 1945 1566 1999 legato
1583 1950 1843 1985 venetorum

223 2004 466 2058 collegium
491 2015 693 2044 nostrum
718 2003 840 2056 adiit,
869 2003 1111 2044 comitante
1141 2003 1395 2057 patriarcha
1418 2003 1697 2057 aquileiensi3
1723 2008 1767 2044 et
1789 2002 1842 2043 le-

221 2062 394 2104 ctiones
423 2062 568 2104 varias
592 2063 844 2111 audierunt3
878 2069 921 2102 et
946 2070 1034 2102 tam
1058 2061 1102 2102 in
1127 2062 1318 2116 collegio
1348 2069 1501 2103 nostro
1525 2076 1657 2116 quam
1681 2062 1723 2102 in
1748 2074 1841 2115 ger-

223 2122 399 2162 manico
422 2128 465 2163 et
489 2121 741 2170 seminari‹›,
762 2135 850 2173 quo
868 2135 915 2161 se
948 2121 1250 2174 contulerunt,
1286 2121 1561 2162 carminibus
1599 2120 1773 2175 excepti
1794 2133 1842 2161 ac

220 2180 413 2231 salutati,
438 2194 516 2234 per
540 2195 701 2234 pueros
724 2180 896 2220 nobiles
922 2179 1131 2229 recitatis,
1160 2180 1292 2221 rebus
1315 2180 1544 2233 inspectis,
1566 2193 1669 2220 cum
1694 2178 1836 2221 aedifi·
1866 2177 1870 2244 Ι

220 2238 396 2280 catione
421 2253 583 2293 magna
602 2246 898 2281 recesserunt.
922 2239 1005 2280 Die
1022 2252 1125 2279 vero
1150 2250 1204 2291 23
1229 2238 1480 2289 Februarii,
1508 2237 1734 2281 recedenti
1753 2251 1838 2279 car-

219 2296 354 2338 dinali
379 2301 653 2351 Augustam,
689 2297 926 2339 adiunctus
949 2304 1016 2339 est
1042 2298 1093 2338 P.
1122 2297 1385 2339 Ludouicus
1414 2298 1469 2340 de
1493 2298 1712 2351 Mendoca
1740 2309 1838 2337 con-

219 2356 430 2398 fessarius
453 2357 565 2409 eius,
592 2370 695 2397 cum
719 2356 862 2397 socio.

311 2427 326 2457 Ι
342 2415 404 2458 Ι.ο
467 2417 568 2458 Hoc
590 2415 686 2469 ipso
709 2429 864 2456 mense
887 2414 1116 2455 decretum
1140 2421 1207 2455 est
1229 2422 1273 2455 vt
1300 2416 1350 2458 P.
1374 2414 1577 2469 Ignatius
1596 2415 1650 2456 de
1670 2413 1837 2456 Acebe—
1887 2415 1891 2438 ²

216 2474 274 2515 do
313 2474 516 2516 visitator
538 2474 582 2515 in
608 2473 883 2527 prouinciam
911 2472 1121 2514 Brasiliae
1140 2472 1410 2523 mitteretur,
1434 2480 1478 2514 et
1498 2473 1670 2516 litterae
1690 2479 1836 2526 paten-

216 2542 281 2574 tes
298 2547 400 2574 cum
419 2533 714 2575 instructione
730 2533 786 2573 ad
803 2546 905 2573 eum
925 2531 1210 2573 transsmisae
1231 2533 1433 2575 fuerunt.
1456 2532 1624 2575 Eodem
1645 2540 1836 2585 tempore
1890 2555 1891 2558 =

218 2593 267 2633 P.
305 2592 504 2633 Victoria
541 2600 686 2634 rector
725 2590 902 2645 collegii
942 2590 1257 2641 messanensiS,
1299 2592 1354 2633 ad
1394 2590 1616 2632 visitanda
1653 2587 1835 2643 collegia

215 2650 447 2693 Sardiniae
470 2658 536 2693 est
559 2650 824 2701 destinatus,
851 2649 997 2690 missis
1020 2649 1176 2691 litteris
1194 2657 1237 2691 et
1257 2649 1568 2692 instructione.
1862 2645 1863 2651 ¹

308 2711 400 2751 12.⁰
464 2709 718 2763 Collegium
744 2709 987 2750 toletanum
1012 2707 1139 2748 initio
1163 2708 1297 2749 huius
1319 2708 1424 2750 anni
1462 2708 1506 2749 in
1530 2709 1714 2749 domum
1743 2706 1835 2761 pro-

216 2767 375 2809 fessam
398 2775 465 2810 est
488 2775 832 2817 commutatum,
859 2774 902 2810 et
928 2767 978 2809 P.
1005 2767 1196 2809 Ioannes
1219 2768 1273 2808 de
1297 2768 1612 2810 Valderabano
1637 2766 1714 2821 qui
1740 2777 1833 2819 pro·
1859 2779 1861 2809 i

213 2825 414 2868 uincialis
440 2829 601 2879 fuerat,
628 2826 909 2881 praepositus
932 2825 1029 2868 eius
1051 2839 1149 2867 esse
1172 2826 1334 2880 coepit.

305 2898 369 2939 13.
379 2886 398 2904 ⁰
460 2887 615 2928 Mense
638 2884 898 2934 Februario,
931 2884 1047 2926 actio
1075 2884 1120 2925 in
1150 2884 1341 2938 collegio
1369 2885 1630 2940 germanico
1659 2894 1829 2937 reprae-

210 2951 393 2986 sentans
427 2944 674 2986 martirium
707 2945 754 2987 S.
792 2943 1078 2994 Catherinae,
1119 2942 1286 2996 insigni
1319 2950 1536 2998 apparatu
1565 2942 1715 2985 habita
1748 2945 1828 2990 est,
1856 2951 1859 2978 ὲ
1889 2962 1891 2970 ¹

209 3002 282 3044 cui
304 3003 482 3058 plurimi
505 3003 769 3057 cardinales,
795 3010 839 3045 et
862 3003 1000 3045 duces
1025 3003 1211 3045 Parmae
1233 3016 1285 3044 ac
1309 3003 1488 3054 Maltae‚
1514 3008 1559 3044 et
1591 3000 1726 3056 legati
1751 2997 1827 3041 Hi·
1856 3052 1857 3062 ἵ
