1891 3292
233 196 299 240 596
726 190 913 223 POLANOE
946 196 1263 223 COMPLEMENTA

189 300 239 339 R
270 298 319 337 P.
348 292 559 342 Victoria,
587 290 660 344 qui
684 290 875 332 diuersis
893 290 1052 332 diebus
1070 289 1271 331 diuersas
1295 287 1641 329 constitutiones
1659 287 1808 330 Socie-

189 355 291 398 tatis
316 350 563 407 praelegit
554 364 598 390 m
624 349 793 392 mensa.

276 410 547 454 Audiuimus
570 408 666 449 istis
689 407 880 450 diebus
871 407 1073 462 1nsignes
1095 406 1245 449 literas
1267 420 1322 447 ex
1344 404 1605 454 Germania,
1635 405 1805 445 Panor-

190 486 278 525 mo,
306 468 515 519 Messina,
539 474 626 509 etc.

269 505 331 581 '25
356 527 508 577 huius,
534 525 610 579 qui
634 532 727 575 erat
759 525 920 566 festum
951 523 1313 566 annunciationis
1345 523 1502 565 beatae
1531 521 1698 565 Mariae
1721 521 1809 562 vir-

191 588 326 643 ginis,
353 584 599 628 celebrauit
622 583 839 638 primitias
862 583 906 624 in
937 583 1102 637 templo
1126 590 1279 624 nostro
1309 583 1369 624 M
1397 579 1704 623 Theodoricus
1727 580 1811 622 Ca-

191 647 346 689 nisius.

277 704 463 753 luimus,
490 701 617 743 finita
640 700 858 742 concione
875 732 884 750 ,
911 699 1069 741 ordine
1092 714 1249 741 omnes
1278 699 1334 741 ad
1357 698 1573 752 templum
1598 698 1812 738 cathecu-

192 764 429 814 minorum‚
457 760 531 802 vbi
552 760 701 802 iudaei
723 760 829 811 duo,
855 758 922 799 vir
945 758 1151 801 videlicet
1169 766 1213 800 et
1237 757 1431 800 foemina
1453 756 1811 811 baptizabantur.

279 833 349 874 27.
386 823 594 863 Mortuus
623 825 690 860 est
713 817 833 859 domi
865 824 908 859 et
941 818 1200 872 sepulturae
1232 817 1421 859 traditus
1450 815 1639 858 dilectus
1665 822 1814 857 noster

195 879 464 923 Ambrosius
487 878 673 920 siculus.

280 940 334 981 28
368 938 503 980 huius
536 936 657 978 venit
686 936 742 977 ad
776 934 1019 989 collegium
1054 935 1288 977 Gerardus
1319 933 1553 1015 hispanus.
1591 933 1818 974 Venerant

193 1012 298 1041 vero
321 997 450 1039 multi
475 995 548 1037 alii
571 995 668 1036 istis
690 994 868 1037 diebus.

282 1069 337 1112 29
369 1055 505 1097 huius
538 1053 842 1097 intelleximus
876 1053 995 1107 quod
1025 1053 1206 1106 quidam
1244 1065 1509 1106 germanus,
1548 1050 1819 1092 Adalbertus

194 1116 388 1165 nomine,
417 1113 614 1155 monitus
639 1112 795 1154 fuisset
819 1111 863 1152 in
889 1112 1054 1166 templo
1078 1118 1233 1152 nostro
1244 1086 1462 1164 ²³‚Pragae
1487 1122 1596 1151 voce
1620 1107 1745 1163 pueri
1768 1123 1820 1151 ex

195 1176 248 1217 V.
278 1172 559 1216 Eucharistia
583 1171 826 1226 loquentis,
850 1178 894 1212 vt
918 1170 979 1212 ibi
1004 1178 1202 1213 maneret
1221 1169 1297 1210 vbi
1316 1176 1425 1219 erat,
1452 1168 1495 1209 in
1519 1167 1743 1211 Societate
1760 1166 1820 1208 vi-

194 1233 371 1283 delicet,
398 1232 519 1286 quod
542 1238 585 1273 et
613 1229 731 1273 fecit.

891 1337 952 1366 DE
985 1335 1144 1366 APRILI

285 1408 433 1450 Primo
478 1406 646 1462 Aprilis
689 1405 836 1460 coepit
881 1405 1081 1448 minister
1124 1403 1303 1459 collegii
1354 1417 1453 1446 esse
1496 1404 1556 1444 M.
1614 1402 1816 1452 Carolus,

195 1469 378 1511 siculus.

284 1538 307 1569 2
326 1526 462 1568 huius
485 1525 606 1568 venit
631 1527 797 1568 Loreto
817 1524 1013 1565 Erardus
1031 1521 1272 1565 leodiensis
1294 1534 1394 1562 cum
1415 1520 1683 1574 quibusdam
1708 1517 1817 1563 aliis.

287 1598 326 1639 3.
334 1584 354 1606 0
377 1584 511 1626 huius
541 1591 815 1639 acceperunt
844 1582 905 1623 illi
936 1594 1071 1636 supra
1099 1580 1253 1636 scripti
1281 1580 1582 1622 diaconatum:
1616 1585 1710 1621 erat
1742 1591 1819 1620 au-

198 1652 286 1688 tem
310 1644 579 1685 sabbathum
603 1650 706 1686 ante
730 1642 1004 1684 dominicam
1029 1641 1071 1682 in
1098 1640 1330 1682 Passione:
1367 1638 1412 1680 in
1434 1638 1591 1680 eodem
1615 1637 1690 1679 illo
1716 1644 1820 1678 tem-

199 1705 286 1759 plo,
313 1703 358 1743 in
381 1702 741 1743 ordinationibus
766 1699 969 1755 publicis.

277 1762 303 1803 6
325 1762 460 1803 huius
484 1761 606 1803 venit
630 1761 686 1802 ad
710 1759 955 1815 collegium
976 1758 1173 1800 Erardus
1191 1755 1446 1806 leodiensis,
1465 1769 1551 1797 vna
1576 1769 1678 1797 cum
1702 1755 1819 1797 Ioan-

200 1835 255 1862 ne
280 1820 482 1875 Baptista
502 1819 771 1862 ferrariensi.

286 1880 577 1934 Legebantur
600 1878 824 1920 mirabiles
847 1877 1002 1920 literae
1024 1891 1079 1918 ex
1101 1877 1319 1926 Granata,
1346 1873 1544 1928 Hispalis
1571 1873 1682 1930 [szc]
1709 1873 1805 1917 Sira

201 1938 338 1991 cusis,
360 1945 447 1979 etc.

292 2009 339 2039 12
361 1997 496 2038 huius
521 1997 707 2038 Romam
728 2002 951 2039 venerunt
972 1996 1023 2036 R.
1048 1995 1099 2036 P.
1126 1992 1397 2047 Pasquasius
1418 1994 1568 2044 Broet,
1593 1994 1644 2034 R.
1670 1993 1719 2033 Ρ.
1744 1993 1804 2034 Ba

202 2056 336 2111 ptista
360 2055 502 2098 Viola.

291 2126 340 2167 17
380 2114 571 2168 Aprilis,
604 2113 678 2178 qui
714 2121 808 2155 erat
837 2112 991 2167 vigilia
1022 2112 1230 2165 paschae,
1264 2109 1308 2150 in
1342 2111 1599 2152 sacerdotes
1636 2108 1823 2151 ordinati

198 2181 303 2215 sunt
326 2173 459 2214 iidem
484 2172 544 2213 illi
575 2172 796 2226 quinque,
830 2186 943 2225 quos
975 2169 1192 2223 diximus,
1220 2168 1356 2223 idque
1390 2169 1433 2210 in
1465 2169 1632 2212 Sancto
1662 2170 1825 2210 Ioanne

200 2231 486 2286 lateranensi,
511 2239 691 2285 peracta
711 2231 797 2272 iam
818 2230 1005 2272 solemni
1024 2227 1351 2283 supplicatione
1369 2234 1413 2270 et
1434 2227 1825 2270 benedictionibus

205 2291 432 2333 omnibus.

296 2350 345 2392 18
376 2349 598 2401 eiusdem,
632 2348 707 2402 qui
737 2355 833 2390 erat
868 2348 1031 2388 festum
1066 2361 1170 2400 pas
1160 2347 1273 2398 hae,
1302 2344 1519 2399 primitias
1543 2344 1752 2386 dixerunt
1782 2343 1824 2384 in

204 2409 369 2463 templo
393 2416 546 2449 nostro
575 2382 663 2449 don
695 2406 961 2448 Fredericus
994 2413 1036 2448 et
1067 2404 1376 2446 Theodoricus
1407 2404 1562 2446 Maior.
1596 2404 1825 2446 Venerunt

205 2481 310 2509 vero
334 2468 389 2509 ad
414 2466 681 2521 prandium
672 2480 715 2507 1n
740 2464 933 2519 collegio
959 2466 1008 2506 R.
1036 2466 1086 2507 P.
1118 2463 1405 2517 Pasquasius,
1431 2470 1474 2504 et
1500 2462 1701 2527 Baptista
1725 2461 1823 2504 Vio-

202 2527 244 2568 la
266 2541 369 2568 cum
392 2539 431 2579 3.
439 2525 688 2580 0,quodam
715 2524 758 2565 in
778 2537 971 2577 quorum
989 2523 1180 2578 gratiam
1199 2521 1396 2564 carmina
1414 2521 1667 2576 conscripta
1685 2526 1820 2563 erant.

204 2586 275 2627 Ad
300 2599 486 2627 coenam
511 2598 617 2626 vero
642 2586 703 2626 M.
733 2585 894 2625 Petrus
920 2582 1220 2624 Ribaddinera
1244 2588 1287 2622 et
1310 2581 1467 2621 doctor
1491 2581 1725 2623 Ledesma.

299 2657 348 2699 19
370 2644 505 2685 huius
528 2641 772 2685 celebrauit
797 2641 1013 2706 primitias
1042 2640 1084 2681 in
1120 2641 1285 2694 templo
1316 2645 1470 2680 nostro
1500 2639 1729 2681 Henricus
1751 2651 1823 2680 an-

207 2703 483 2757 tuerpianus,
510 2702 638 2744 cuius
661 2700 897 2743 occasione
921 2699 995 2740 alii
1019 2699 1199 2753 quidam
1227 2699 1394 2740 Padres
1418 2699 1473 2739 ad
1497 2697 1733 2751 prandium
1755 2710 1824 2738 ve-

210 2769 387 2804 nerunt.

293 2832 343 2862 21
373 2820 506 2862 huius
531 2822 717 2862 Romam
742 2817 863 2859 venit
888 2819 939 2859 R.
970 2818 1019 2859 P.
1052 2818 1213 2858 Petrus
1237 2815 1460 2857 Canisius.

292 2879 509 2933 Sequenti
547 2891 653 2920 vero
690 2878 761 2918 die
801 2878 851 2919 R.
892 2877 941 2918 P.
979 2876 1241 2918 Leonardus
1278 2874 1469 2925 Kesselt‚
1510 2875 1560 2916 Ρ.
1603 2873 1826 2917 Adrianus

209 2937 411 2990 Adriani,
436 2946 479 2980 et
506 2940 556 2980 P.
584 2937 797 2979 Nicolaus
820 2935 1073 2977 Goudanus
1095 2948 1199 2975 cum
1224 2933 1356 2974 sociis
1381 2931 1566 2985 aliquot.

297 3006 348 3049 25
376 2997 525 3048 huius,
553 2996 627 3050 qui
650 3002 742 3037 erat
768 2995 836 3037 8?
859 2995 1075 3046 Paschae,
1098 2992 1314 3048 primitias
1333 2990 1610 3033 celebrauit
1601 3005 1646 3032 m
1668 2989 1827 3044 templo

1873 1935 1891 2079 1

1875 2083 1891 2158 li
