1891 3292
247 198 315 231 280
744 196 930 229 POLANOE
963 204 1279 230 COMPLEMENTA

546 430 582 461 P,
618 428 850 462 ANNIBAL
877 427 1197 464 COUDRETUS
1224 397 1475 465 POLANCO

717 531 922 557 RUTHENO
944 531 982 556 21
1007 531 1154 556 MARTn
1177 522 1265 565 1573
1286 523 1310 557 ¹.

199 627 228 652 l.
259 618 442 651 Tolosam'
462 617 618 661 collegii
641 617 874 651 sustentatio
899 618 1186 653 curandam—2.
1216 617 1481 651 Desideratur
1504 617 1674 651 maxime
1699 618 1739 651 in
1761 618 1826 652 hoc
1890 635 1891 645 ¹

267 676 431 721 collegio
459 677 654 722 magister
688 676 1066 719 humanitatis—3.
1105 676 1337 720 Redemptio
1370 676 1567 710 sodalium
1600 676 1826 711 castellano-

269 735 505 778 rum.—-4-6.
536 734 726 768 Coudreti
748 738 783 768 et
807 735 981 767 aliorum
1002 735 1188 768 valetudo
1207 738 1242 768 et
1262 735 1426 768 labores.

292 843 327 872 Ι.
396 832 482 872 Ihs.
523 831 662 872 Molto
698 830 810 872 Rdo.
848 830 892 870 in
926 830 1064 872 Chro.
1104 831 1264 873 Padre.
1305 832 1397 872 Pax
1430 829 1557 872 Chri.
1584 830 1646 872 Le
1675 829 1826 874 ultime
1888 815 1889 820 ¹

199 905 513 949 ch'habbiamo
537 906 580 948 di
605 907 660 948 V.
690 907 741 948 R.
779 908 828 949 P.
864 920 976 947 sono
1006 906 1109 948 delli
1140 918 1195 958 24
1224 906 1267 947 di
1296 906 1563 956 Decembre,
1595 906 1678 948 alle
1711 907 1827 960 quali

198 998 287 1024 non
321 984 384 1025 c'e
416 984 528 1024 altro
562 984 645 1025 che
679 982 925 1037 risponder'
959 982 995 1023 si
1030 997 1119 1023 non
1148 983 1231 1024 che
1261 983 1301 1024 13
1331 982 1597 1037 preghiarno
1619 982 1663 1023 di
1692 983 1825 1025 ueder
1886 1025 1888 1033 ,

196 1060 266 1100 001
292 1061 342 1103 R.
374 1060 517 1101 Padre
542 1059 816 1113 prouinciale
840 1066 993 1100 nostro
1015 1059 1101 1100 che
1124 1060 1256 1100 modo
1279 1059 1315 1100 si
1338 1060 1429 1114 puo
1460 1059 1601 1100 tener’
1636 1073 1714 1112 per
1742 1060 1822 1100 ha-
1886 1094 1887 1097 ,

200 1138 293 1178 uer’
320 1137 513 1189 qualche
537 1135 797 1177 risolutione
821 1135 865 1177 di
888 1136 1104 1186 Granata,
1131 1135 1256 1178 accio
1278 1135 1314 1177 si
1338 1135 1458 1190 sapia
1483 1149 1531 1177 se
1553 1134 1589 1176 si
1614 1135 1701 1189 puo
1724 1149 1823 1189 spe·
1886 1171 1888 1175 .

199 1211 278 1253 rar'
306 1213 497 1266 qualche
520 1226 639 1263 cosa;
666 1212 841 1254 interim
868 1211 1001 1266 quelli
1027 1211 1070 1253 di
1099 1213 1264 1254 Tolosa
1295 1213 1449 1253 hanno
1483 1211 1568 1253 ben
1600 1203 1826 1265 promesso

200 1288 317 1330 mille
356 1289 552 1329 ducento
592 1288 763 1329 franchi
802 1303 825 1329 a
863 1289 1031 1338 l’anno,
1071 1302 1199 1329 corne
1235 1289 1294 1329 ho
1331 1287 1486 1329 scritto
1527 1301 1603 1341 per
1648 1287 1759 1328 altre
1800 1302 1823 1328 a

200 1365 252 1406 V.
288 1366 338 1406 R.
376 1366 420 1406 Ρ.
455 1364 485 1415 2;
520 1379 590 1406 ma
619 1365 661 1405 io
689 1378 777 1405 non
809 1365 924 1405 uedo
953 1364 1234 1407 essecutione
1258 1365 1435 1418 alcuna,
1465 1372 1509 1404 et
1537 1363 1566 1403 il
1598 1363 1821 1418 colleggio
1885 1369 1887 1375 ’

200 1448 267 1482 513
292 1441 334 1481 in
360 1442 531 1495 grande
555 1441 789 1483 necessita.
818 1440 969 1495 Quelli
992 1441 1201 1482 ch'erano
1229 1440 1381 1483 andati
1404 1441 1459 1481 da
1489 1446 1614 1494 parte
1636 1439 1680 1481 di
1710 1446 1823 1481 tutta
1885 1424 1887 1440 ³

200 1517 240 1557 la
265 1524 381 1559 terra
405 1532 480 1571 per
506 1519 715 1572 preggar'
743 1517 771 1559 il
798 1518 925 1560 Rmo.
952 1516 1150 1558 cardinal
1173 1517 1483 1571 d'Armagnac
1506 1524 1522 1540 a
1545 1516 1669 1558 accio
1697 1516 1823 1559 desse
1884 1514 1887 1563 ἶ

198 1595 387 1647 qualche
410 1594 629 1636 beneficio
652 1595 693 1634 al
715 1593 940 1648 colleggio
963 1608 1045 1635 suo
1068 1593 1111 1634 di
1135 1594 1313 1644 Tolosa,
1335 1608 1445 1635 sono
1468 1592 1669 1634 ritornati
1696 1592 1823 1634 uacui
1884 1574 1886 1620 l

202 1682 289 1711 con
314 1670 429 1712 belle
454 1671 618 1723 parolle
641 1678 684 1712 et
708 1684 933 1724 promesse
962 1669 1006 1711 in
1040 1670 1257 1723 futurum,
1284 1684 1412 1712 corne
1440 1684 1540 1711 esso
1569 1670 1694 1711 suole
1723 1670 1818 1711 far’.

201 1746 231 1787 ll
257 1746 500 1788 medesimo
525 1747 565 1788 fa
588 1747 704 1788 nella
727 1746 913 1800 risposta
937 1748 1019 1788 0110
1043 1738 1143 1789 esso
1168 1747 1208 1788 fa
1232 1747 1316 1788 alla
1339 1754 1463 1789 corte
1485 1746 1556 1788 del
1580 1747 1822 1800 parlamen-

198 1830 259 1872 to,
297 1823 336 1864 la
367 1823 496 1875 quale
526 1822 569 1863 in
599 1837 838 1865 commune
867 1823 929 1877 gli
960 1825 1183 1864 n’haueua
1212 1823 1382 1865 scritto.
1410 1821 1459 1866 S'1
1483 1824 1565 1865 che
1594 1823 1650 1863 da
1679 1823 1823 1876 quella
1882 1875 1883 1882 ἵ

198 1906 321 1952 parte
350 1913 438 1940 non
473 1899 507 1940 si
538 1901 626 1953 puo
655 1901 824 1953 sperar'
860 1900 997 1940 molto
1026 1899 1068 1940 di
1100 1902 1240 1953 poter’
1270 1900 1418 1942 hauer'
1448 1913 1552 1940 cosa
1581 1900 1757 1942 alcuna.
1791 1899 1820 1940 Il

201 1976 477 2027 parlamento
510 1975 783 2017 nondimeno
816 1982 860 2017 et
892 1976 932 2016 la
968 1984 1082 2017 terra
1116 1990 1205 2017 non
1237 1977 1388 2016 hanno
1417 1976 1664 2017 deliberato
1693 1976 1736 2017 di
1765 1976 1820 2016 13-
1882 2001 1883 2008 1

197 2048 325 2091 sciar'
349 2051 389 2092 la
413 2064 516 2092 0053
541 2051 675 2101 cossi,
702 2051 940 2106 percioche
969 2052 1182 2095 l’escusse
1211 2067 1291 2095 sue
1320 2067 1410 2093 non
1441 2052 1468 2093 li
1499 2066 1663 2107 pareno
1693 2052 1818 2094 suffi-
1881 2079 1883 2101 3

196 2126 348 2180 cienti‚
375 2127 474 2168 anzi
498 2128 631 2169 credo
654 2129 737 2170 che
758 2136 1023 2169 tentaranno
1046 2143 1122 2182 per
1146 2128 1218 2170 uia
1247 2129 1318 2171 del
1348 2144 1394 2170 re
1422 2128 1466 2169 di
1498 2129 1678 2170 far'celo
1707 2142 1821 2170 com-

198 2203 413 2256 mandar',
440 2218 466 2245 o
490 2204 856 2245 domandaranno
879 2205 1071 2258 qualche
1093 2205 1308 2259 pensione
1326 2220 1475 2247 annua
1494 2219 1624 2260 sopra
1647 2204 1822 2247 l'archi-
1880 2231 1881 2237 =

198 2287 458 2332 uescouato‚
491 2279 650 2321 insin’a
691 2287 814 2321 tanto
844 2281 1017 2322 ch'esso
1049 2280 1211 2322 habbia
1234 2281 1339 2322 dato
1369 2282 1559 2335 qualche
1587 2281 1818 2333 benefici03
1880 2296 1881 2319 1

196 2355 449 2409 imperoche
474 2355 534 2410 gli
559 2357 615 2398 ha
638 2370 769 2410 parso
793 2357 929 2397 molto
951 2364 1147 2408 straneo,
1177 2365 1301 2398 tanto
1324 2358 1408 2399 alla
1439 2365 1562 2400 corte
1583 2371 1713 2399 como
1741 2358 1821 2399 alla

198 2439 333 2486 terra,
366 2433 453 2474 che
481 2432 606 2474 siano
630 2432 734 2474 stati
768 2432 950 2474 refusati
982 2433 1025 2473 in
1058 2447 1146 2474 una
1176 2434 1396 2476 domanda
1427 2441 1551 2476 tanto
1583 2434 1747 2489 giusta,
1778 2441 1821 2477 et
1878 2442 1879 2446 ’

200 2511 307 2549 satta
330 2523 414 2550 con
440 2509 527 2550 tale
549 2508 787 2551 solennita.

286 2596 326 2626 2.
394 2586 468 2626 Ho
491 2585 646 2626 scritto
670 2598 746 2639 per
770 2586 879 2627 altre
902 2599 926 2626 a
946 2586 999 2627 V.
1029 2587 1077 2628 R.
1101 2587 1151 2628 P.
1179 2586 1219 2627 13
1237 2587 1364 2628 burla
1383 2589 1466 2628 ch'e
1484 2587 1523 2629 ci
1548 2588 1643 2630 fece
1665 2586 1709 2628 in
1733 2587 1817 2628 To-

269 2737 285 2752 a
336 2731 493 2765 Armen.
518 2743 587 2766 ms.

267 2860 277 2877 ¹
331 2861 385 2893 Ex
406 2860 657 2905 autographo,
681 2860 717 2894 in
738 2859 826 2896 cod.
852 2860 942 2895 Gal.
974 2861 1038 2904 85,
1070 2870 1088 2894 2
1115 2860 1172 2904 ff„
1195 2873 1257 2898 nn.
1277 2869 1332 2906 57,
1356 2862 1412 2906 583
1434 2863 1537 2908 prius
1556 2862 1637 2907 2533
1659 2863 1817 2909 antiqui·
1874 2878 1875 2882 ¹

198 2922 259 2951 tus
279 2917 360 2969 4135
1194 2966 1199 2972 δ
1811 2927 1817 2936 ’

266 2976 278 2994 2
330 2976 389 3011 Cf.
412 2976 524 3021 epist.
552 2975 629 3020 193.
