1891 3292
275 175 341 216 264
767 171 955 205 POLANCI
982 178 1297 206 COMPLEMENTA

226 274 268 315 di
289 274 421 326 Vsez,
443 273 667 313 monsieur
687 270 730 312 di
750 271 951 313 Montluc
971 269 1020 323 ¹²,
1043 278 1086 313 et
1109 269 1207 311 altri
1232 268 1357 323 quasi
1380 266 1558 321 infiniti,
1579 267 1724 308 l’altra
1746 281 1842 321 sep·

225 349 391 390 timana
415 354 459 388 et
481 354 656 400 questa3
684 354 727 388 et
756 360 883 389 come
907 347 1169 389 haueranno
1200 351 1330 399 posto
1352 342 1574 386 l’esercito
1602 342 1646 383 in
1669 342 1841 394 ordine,

224 424 375 466 subito
400 424 666 465 batteranno
690 423 730 464 13
753 421 838 464 cita
862 436 946 464 con
969 429 1183 477 apparato
1209 420 1350 471 regim
1377 419 1413 460 si
1438 433 1546 472 pure
1569 426 1841 473 aspettaran-

224 515 281 541 no
304 500 365 553 gli
388 499 615 550 assediati3
642 499 653 539 i
677 499 796 553 quali
818 499 939 554 digia
962 513 1072 540 sono
1104 497 1217 538 fuori
1243 496 1287 537 di
1315 509 1532 549 speranza
1555 496 1610 537 da
1634 496 1674 536 la
1697 495 1842 537 banda

220 577 336 618 della
360 576 585 617 maritima
603 583 744 630 parte,
766 590 842 630 per
870 575 1066 617 essereui
1092 583 1246 615 nostre
1268 572 1419 626 galere
1445 578 1490 613 et
1519 573 1630 613 altre
1653 585 1774 623 cose;
1800 572 1843 612 di

220 653 353 693 modo
375 653 458 694 che
480 652 525 693 in
550 652 663 693 fuori
681 653 736 694 de
757 654 949 705 qualche
967 650 1201 705 vittuaglie
1225 664 1317 690 non
1341 649 1383 689 vi
1407 648 1525 689 intro
1547 661 1651 689 cosa
1674 662 1842 690 veruna

219 743 277 769 vn
304 736 453 783 tempo
479 729 538 770 fa.
571 729 775 771 Sonnoui
805 729 963 770 dentro
992 729 1048 769 da
1072 738 1156 780 250
1184 725 1375 767 ministri
1408 724 1648 779 hugonoti,
1679 724 1720 765 la
1749 724 1842 766 fece

219 806 290 847 del
315 805 494 859 mondo,
522 805 533 844 i
564 804 682 858 quali
714 805 848 846 fanno
871 805 943 847 del
973 804 1139 858 peggio
1162 804 1248 845 che
1279 816 1474 856 possono
1503 814 1580 855 per
1608 799 1841 842 animarei

216 882 377 923 soldati
396 896 420 923 a
440 882 531 922 fare
549 890 707 923 contro
730 881 757 921 il
784 896 828 923 re
854 888 969 922 tutto
992 881 1061 922 cio
1083 882 1167 922 che
1191 892 1402 933 possono.
1428 878 1576 920 Credo
1595 878 1680 918 che
1698 877 1842 918 all'as-

216 958 314 999 531ῒί
351 972 439 999 non
473 972 666 1000 saranno
700 965 823 998 tanto
858 957 1030 1007 furiosi,
1066 970 1192 998 come
1221 969 1332 996 sono
1365 954 1661 1009 suergognati
1690 969 1715 995 3
1749 954 1841 995 dire

216 1034 335 1075 mille
359 1033 554 1088 ingiurie
575 1041 734 1075 contro
757 1035 797 1075 31
821 1047 867 1074 re
890 1041 934 1074 et
952 1047 1034 1073 suo
1059 1032 1249 1074 fratello.

306 1121 347 1152 2,
414 1111 600 1163 Quanto
619 1110 659 1150 al
677 1111 801 1151 detto
820 1109 1129 1162 Monsignore‚
1149 1107 1172 1150 e
1191 1121 1295 1149 cosa
1313 1108 1369 1148 da
1391 1107 1544 1148 lodare
1561 1105 1653 1147 Idio
1677 1106 1734 1148 N.
1760 1107 1842 1148 Sfe

214 1186 328 1228 delle
354 1200 450 1228 rare
487 1186 654 1240 qualita
683 1193 727 1226 et
755 1186 861 1226 doni
885 1185 999 1235 suoi3
1027 1183 1190 1238 perche
1219 1183 1406 1237 digiuna
1434 1183 1469 1224 si
1501 1182 1589 1237 puo
1612 1182 1706 1223 dire
1734 1182 1840 1236 ogni

211 1263 389 1318 giorno,
415 1270 559 1304 atteso
582 1263 665 1304 che
687 1277 776 1302 non
802 1261 980 1315 mangia
1004 1260 1090 1301 mai
1115 1274 1264 1314 pesce,
1290 1259 1418 1313 quasi
1442 1273 1519 1313 per
1542 1259 1730 1313 essergli
1763 1272 1838 1300 na-

211 1339 485 1380 turalmente
520 1338 657 1378 molto
689 1337 930 1391 contrario,
967 1351 1055 1377 non
1090 1336 1298 1378 beuendo
1332 1335 1388 1377 ne
1420 1335 1526 1376 vino
1559 1348 1735 1386 manco,
1771 1348 1839 1376 ma

209 1429 325 1469 aqua
351 1422 471 1456 cotta
496 1428 580 1456 con
605 1428 807 1464 succaro;
834 1413 878 1454 in
908 1427 1010 1455 casa
1033 1427 1115 1454 sua
1138 1426 1227 1453 non
1251 1412 1287 1453 51
1311 1411 1492 1466 mangia
1514 1425 1666 1466 carne,
1692 1425 1836 1465 quan-

212 1493 380 1533 tunche
418 1505 495 1545 per
527 1490 753 1533 l'esercito
786 1504 863 1544 per
895 1490 1106 1544 dispensa
1138 1488 1474 1530 dell'ordinario
1502 1502 1549 1529 se
1578 1503 1633 1530 ne
1662 1487 1839 1542 mangia

214 1569 324 1610 certi
348 1567 498 1623 giorni
520 1567 636 1609 della
658 1567 914 1609 settimana.
938 1566 1101 1608 Faccio
1126 1573 1192 1608 tre
1215 1566 1337 1608 volte
1358 1567 1398 1607 13
1421 1565 1659 1608 settimana
1682 1566 1723 1606 13
1745 1578 1838 1619 pre-

213 1645 321 1698 dica„
342 1643 491 1685 inanzi
521 1658 545 1685 3
574 1644 652 1696 lui,
684 1651 727 1685 et
758 1643 862 1684 tutti
891 1643 989 1684 suoi
1020 1642 1223 1697 principi,
1249 1650 1293 1684 et
1324 1642 1452 1683 l'altri
1481 1641 1629 1697 giomi
1656 1642 1697 1684 al
1721 1655 1837 1683 com-

213 1736 365 1774 mune3
392 1721 478 1762 ode
501 1735 645 1762 messa
669 1719 776 1774 ogni
799 1718 861 1770 di,
887 1729 931 1762 et
954 1720 1052 1761 dice
1075 1733 1156 1760 sua
1180 1733 1345 1760 corona
1368 1732 1453 1760 con
1472 1719 1500 1759 li
1519 1726 1635 1762 sette
1652 1718 1779 1760 salmi
1797 1726 1840 1759 et

214 1799 327 1841 altre
346 1798 461 1840 belle
479 1797 686 1847 orationi;
714 1796 801 1837 mai
823 1796 968 1850 giura,
994 1795 1049 1838 ne
1072 1795 1107 1836 si
1132 1800 1270 1838 mette
1294 1796 1338 1836 in
1360 1795 1556 1846 cholera,
1582 1809 1630 1836 se
1648 1810 1736 1837 non
1756 1808 1840 1836 con

214 1873 514 1929 grandissima
532 1887 682 1915 causa.
705 1874 752 1915 Si
771 1873 978 1915 confesso
1002 1880 1046 1915 et
1069 1872 1354 1914 communico
1379 1873 1419 1913 al
1439 1871 1656 1926 principio
1673 1871 1716 1913 di
1736 1886 1839 1926 qua-

214 1950 487 2005 dragesima,
520 1959 563 1992 et
587 1950 706 2004 dipoi
737 1964 824 1990 non
856 1951 913 1991 ha
936 1957 1144 1990 mancato
1167 1949 1209 1990 di
1236 1950 1346 1990 farlo
1368 1948 1445 2003 piu
1468 1963 1637 2004 SpeSSO.
1667 1948 1719 1991 Ci
1744 1962 1842 1990 ama
1890 1968 1891 1986 ;

216 2029 370 2079 molto,
404 2035 447 2070 et
477 2029 533 2069 ha
565 2029 674 2069 fatto
702 2038 826 2069 certo
850 2035 955 2068 voto
987 2027 1031 2068 in
1055 2041 1160 2068 caso
1190 2028 1274 2069 che
1299 2027 1392 2068 [dio
1422 2026 1494 2068 dia
1523 2027 1612 2068 fine
1635 2041 1660 2068 a
1683 2033 1840 2080 questa
1890 2040 1891 2064 l

218 2119 399 2160 guerra,
429 2105 499 2146 del
530 2105 660 2158 quale
688 2105 799 2145 altra
829 2104 950 2145 uolta
978 2103 1020 2144 io
1043 2103 1243 2146 scriuero
1267 2118 1291 2144 a
1317 2105 1371 2145 V.
1409 2105 1479 2154 P„
1505 2111 1548 2146 et
1580 2103 1794 2144 mandari>
1815 2116 1841 2143 0

218 2182 398 2235 portaro
421 2195 548 2224 meco
572 2181 611 2222 la
635 2181 777 2235 copia.

309 2271 348 2311 3.
415 2259 447 2299 Il
477 2272 522 2298 re
551 2257 594 2298 di
624 2259 828 2300 Nauarra
857 2271 972 2299 anco
994 2257 1169 2299 camina
1193 2257 1333 2298 molto
1363 2257 1494 2308 bene,
1520 2264 1563 2299 et
1592 2256 1732 2311 hoggi
1763 2270 1838 2297 us-

217 2335 363 2376 cendo
387 2335 503 2377 della
525 2348 702 2377 camera
724 2335 767 2375 di
791 2334 1036 2385 Monsieur,
1063 2334 1123 2375 mi
1145 2335 1203 2375 ha
1226 2334 1350 2376 detto
1378 2347 1462 2375 con
1486 2333 1735 2388 allegrezza
1758 2333 1842 2374 che

219 2424 295 2454 era
316 2420 480 2452 venuta
497 2424 578 2453 sua
595 2411 781 2465 capella,
802 2425 884 2452 suo
906 2411 1233 2461 elemosinario,
1259 2417 1303 2452 et
1325 2410 1503 2465 ch'ogni
1527 2409 1687 2464 giorno
1710 2411 1842 2450 haue-

219 2488 356 2530 rebbe
384 2501 465 2528 sua
493 2486 723 2530 diuotione
747 2487 1024 2541 particolare‚
1048 2487 1300 2529 ehiedendo
1327 2486 1447 2528 ch'io
1470 2485 1680 2528 l'andassi
1703 2485 1838 2528 vede-

219 2577 265 2605 re
288 2564 372 2606 alle
394 2565 529 2606 volte.

307 2652 349 2692 4.
417 2641 448 2682 11
471 2640 626 2695 signor
649 2640 693 2681 di
716 2640 859 2683 Guisa
881 2641 905 2682 e
928 2655 1012 2682 vna
1038 2641 1174 2694 perlat,
1201 2647 1246 2683 et
1269 2654 1373 2681 cosa
1398 2654 1493 2681 rara
1517 2639 1560 2680 in
1585 2639 1692 2694 ogni
1715 2639 1840 2681 vertsl

221 2724 264 2759 et
287 2717 525 2771 essempio.

310 2804 349 2846 5.
417 2795 448 2834 Il
472 2793 625 2847 signor
649 2794 691 2834 di
716 2795 890 2836 Neuers
916 2793 938 2834 ὲ
962 2792 1350 2835 admirabilmente
1380 2792 1666 2834 affectionato
1685 2792 1726 2833 31
1742 2803 1837 2832 ser-

278 2957 305 2974 ¹²
355 2957 506 2991 Blasius
525 2956 572 2990 de
592 2957 775 2991 Montluc.
