1891 3292
260 208 331 253 708
767 201 952 234 POLANOE
979 205 1293 232 COMPLEMENTA

304 320 374 361 73.
443 304 624 358 Insigne
647 303 845 356 legatum
869 298 1038 340 scilicet
1063 310 1118 351 30
1142 295 1277 336 millia
1303 295 1556 335 francorum
1581 308 1605 334 a
1629 297 1834 336 senatore

217 369 367 411 Ablon
391 369 667 417 nuncupato,
693 357 885 413 collegio
908 363 1061 398 nostro
1085 353 1316 410 parisiensi
1341 353 1506 394 factum
1531 350 1630 393 fuit.

306 436 376 478 74.
444 419 673 465 Auenioni
712 418 810 475 [sic]
848 416 1027 470 publico
1054 412 1243 456 consilio
1274 418 1449 462 coacto,
1481 409 1718 453 rescissum
1757 408 1836 449 fuit

217 485 325 526 illud
349 484 579 524 decretum
602 479 706 520 olim
730 484 886 518 contra
909 474 1150 527 collegium
1176 478 1395 522 nostrum,
1439 469 1741 511 tumultuante
1763 481 1830 522 po·

219 544 339 599 pulo,
367 542 549 590 factum3
577 546 620 581 et
644 535 901 578 restitutum
927 533 967 574 ei
992 532 1074 573 fuit
1098 529 1311 586 quicquid
1329 529 1526 571 ablatum
1550 529 1714 568 fuerat.

307 611 377 654 75.
445 599 514 641 2.⁸
549 595 787 639 Dominica
819 593 1043 634 aduentus
1075 589 1259 644 reginae
1291 587 1561 642 Magdalena
1593 594 1636 627 et
1668 584 1837 626 Helena

222 659 433 703 Austriae
456 656 714 710 Oeniponte
744 653 921 695 Hallam
952 665 1000 692 se
1029 649 1333 697 contulerunt,
1363 653 1408 688 et
1438 643 1576 686 nostri
1605 643 1770 685 ibidem
1797 642 1838 683 in

223 723 320 764 loco
341 717 580 771 designato
603 713 797 756 residere
814 715 1077 764 coeperunt3
1120 713 1274 761 postea
1293 704 1462 746 dotatio
1495 704 1737 745 subsecuta
1758 708 1836 743 est.

313 778 383 830 76.
451 773 814 827 Burdegalenses
836 767 1077 822 collegium
1101 780 1233 807 suum
1259 764 1454 818 insigne,
1480 769 1523 803 et
1547 759 1843 803 Vniuersitatis

224 839 378 886 instar,
410 832 628 878 Societati
657 837 835 871 nostrae
864 827 1125 868 obtulerunt
1154 838 1256 865 cum
1287 821 1534 864 redditibus
1567 818 1729 862 annuis
1758 832 1841 859 non

226 893 525 951 poenitendis,
551 899 594 932 et
617 889 797 944 quidem
824 899 990 941 magno
1012 883 1161 926 studio
1180 898 1205 924 a
1228 881 1454 924 Societate
1477 880 1521 920 id
1545 879 1780 932 impetrare
1799 883 1843 918 vt

228 954 484 997 admitteret
512 956 618 992 sunt
646 946 808 990 conati.
840 947 901 987 At
929 942 1136 998 quamuis
1168 942 1392 996 repulsam
1421 953 1509 980 non
1541 936 1741 988 tulerint,
1773 949 1842 977 ne—

229 1027 356 1057 cesse
389 1011 472 1053 fuit
505 1009 549 1051 in
584 1007 705 1049 aliud
739 1014 915 1059 tempus
948 1002 1260 1044 admissionem
1291 999 1490 1049 reiicere3
1522 997 1610 1037 imo
1638 1001 1683 1036 et
1712 1001 1843 1035 totam

231 1072 366 1114 huius
389 1067 567 1124 negocii
591 1064 916 1108 tractationem.

317 1141 387 1182 77.
454 1125 690 1170 Catanzari
723 1131 759 1154 gg
787 1123 831 1164 in
862 1121 1028 1174 templo
1057 1133 1193 1169 nouo,
1220 1129 1275 1159 20
1305 1113 1590 1164 Nouembris,
1615 1110 1846 1155 Societatis

232 1187 473 1231 ministeria
497 1197 707 1227 exercere
729 1187 973 1236 coeperunt
998 1177 1151 1219 nostri.

322 1248 392 1300 78.
460 1245 618 1288 Vilnae
641 1240 882 1295 collegium
906 1246 972 1280 est
996 1236 1256 1285 admissum,
1283 1233 1386 1275 licet
1410 1232 1526 1286 quod
1557 1228 1775 1271 attinebat
1796 1228 1847 1270 ad

234 1307 415 1349 modum
438 1313 481 1347 et
504 1302 807 1350 condiciones,
835 1294 1095 1353 prouinciali
1118 1292 1357 1348 negocium
1381 1289 1664 1333 commissum
1690 1294 1771 1330 est.

326 1377 398 1421 79.
464 1360 691 1406 Olomucii
726 1357 938 1413 migrauit
971 1354 1208 1408 collegium
1240 1353 1294 1393 ad
1327 1352 1507 1392 domum
1542 1361 1705 1389 nouam
1741 1358 1848 1400 quae

238 1425 342 1467 olim
369 1424 553 1464 fratrum
580 1420 802 1462 Minorum
835 1416 932 1467 fuit3
965 1423 1008 1455 et
1037 1413 1144 1467 ipsis
1172 1408 1575 1457 consentientibUS,
1607 1415 1649 1448 et
1680 1417 1849 1446 summo

241 1483 448 1539 pontifice
471 1480 778 1528 confirmante,
803 1473 1014 1518 Societati
1039 1479 1216 1513 nostrae
1240 1471 1342 1511 data
1371 1467 1469 1517 fuit,
1495 1464 1849 1520 compensatione

241 1543 408 1586 eisdem
440 1540 640 1595 patribus
669 1535 918 1579 Minoribus
950 1534 1067 1574 data.
1106 1532 1152 1572 Id
1183 1529 1265 1570 fuit
1297 1540 1324 1580 4
1357 1525 1584 1578 Octobris,
1622 1529 1849 1578 postquam

238 1600 409 1644 edificia
429 1599 668 1653 episcopus
690 1596 983 1637 instaurasset
1002 1591 1056 1631 ad
1076 1597 1275 1630 nostrum
1301 1600 1448 1636 vsum,
1475 1598 1525 1626 ac
1549 1582 1736 1624 comoda
1759 1580 1833 1621 red

240 1660 438 1702 didisset.

331 1719 399 1761 80.
468 1715 794 1763 Barchinonae,
820 1710 891 1752 vbi
917 1708 1039 1763 prius
1063 1707 1106 1747 id
1129 1720 1217 1746 non
1240 1705 1392 1758 fiebat,
1420 1700 1672 1755 theologiae
1701 1711 1853 1740 cursus

242 1776 415 1819 institui
452 1782 610 1829 ceptus
632 1781 715 1822 est,
758 1779 801 1813 et
824 1767 1044 1811 auditorio
1073 1765 1180 1807 satis
1210 1761 1432 1816 frequenti
1463 1757 1706 1802 honestari.
1745 1755 1850 1799 Red-

243 1837 362 1878 ditus
380 1835 512 1877 etiam
536 1831 655 1874 aucti
678 1839 781 1873 sunt
805 1842 938 1883 opera
961 1833 1004 1867 et
1028 1823 1249 1865 charitate
1272 1821 1435 1864 eximia
1459 1819 1668 1861 dominae
1692 1814 1850 1858 Mariae

242 1896 296 1937 de
320 1896 450 1937 Lara.

333 1955 406 1995 81.
470 1953 585 1994 Cum
615 1950 670 1990 ab
684 1945 982 2001 'expeditione
1013 1942 1171 1998 gallica
1204 1938 1365 1980 milites
1399 1935 1612 1992 pontificii
1647 1933 1852 1981 redirent,

244 2021 288 2056 et
316 2026 482 2066 magna
511 2010 577 2050 vis
606 2007 852 2056 hominum,
884 2003 1040 2057 partim
1072 1998 1369 2054 aegritudine,
1397 1996 1554 2051 partim
1581 1989 1766 2048 penuria
1789 2004 1851 2031 re·
1890 2016 1891 2022 η

246 2086 341 2113 rum
367 2068 715 2112 necessariarum
741 2063 1013 2117 (miserando
1037 2059 1315 2114 spectaculo>
1341 2057 1436 2110 ipso
1459 2056 1502 2095 in
1527 2053 1685 2095 itinere
1708 2062 1856 2093 versus

248 2130 415 2172 ltaliam
440 2128 650 2183 perirent,
679 2124 840 2165 nostris
863 2121 937 2175 qui
961 2118 1174 2171 Lugduni
1198 2123 1447 2165 versantur,
1479 2113 1522 2154 id
1553 2111 1730 2166 pietatis
1752 2121 1857 2162 opus

246 2205 270 2231 a
293 2202 466 2230 summo
497 2185 706 2241 pontifice
735 2180 1044 2230 demandatur,
1078 2185 1125 2218 vt
1155 2175 1343 2217 afflictos
1371 2181 1414 2215 et
1443 2172 1682 2213 destitutos
1712 2166 1855 2209 buius·
1888 2211 1889 2218 ἵ

248 2247 366 2289 modi
390 2246 552 2287 milites
575 2244 729 2284 iuuare
754 2240 1001 2282 studerent.
1030 2237 1093 2278 Illi
1118 2249 1239 2284 vero,
1266 2247 1355 2274 non
1388 2239 1557 2273 tantum
1588 2225 1798 2282 Lugduni
1819 2223 1857 2264 in

250 2305 539 2348 xenodochiis
561 2315 770 2356 magnam
794 2312 945 2340 eorum
972 2293 1304 2336 multitudinem
1327 2290 1470 2344 excipi
1494 2296 1538 2331 et
1562 2284 1770 2330 medicari
1791 2296 1856 2324 cu·

252 2372 423 2415 rarunt,
450 2363 528 2405 sed
554 2376 628 2416 per
671 2360 846 2411 itinera,
873 2355 1043 2397 onerati
1067 2353 1268 2395 vestibus
1291 2358 1333 2392 et
1359 2348 1559 2404 pecuniis
1581 2347 1637 2388 ad
1666 2345 1856 2386 infirmo-

254 2439 350 2465 rum
374 2422 567 2476 inopiam
591 2417 911 2461 subleuandam
933 2429 982 2455 ac
1001 2413 1096 2455 aliis
1115 2408 1378 2453 necessariis
1396 2406 1601 2448 instructi
1620 2404 1859 2446 discurren-

254 2494 334 2537 tes,
362 2480 578 2536 plurimis,
605 2479 679 2532 qui
718 2475 879 2517 abiecti
902 2481 946 2514 et
984 2471 1314 2525 despondentes
1351 2467 1547 2508 animum
1579 2470 1762 2505 mortem
1792 2457 1861 2500 mi-

253 2556 397 2585 seram
422 2539 737 2594 expectabant,
765 2534 881 2575 vitae
903 2540 946 2574 et
970 2530 1126 2572 salutis
1149 2542 1282 2570 causa
1306 2525 1565 2567 extiterunt.

343 2601 413 2642 82.
480 2594 775 2640 Ciamberiaci
802 2593 916 2646 prior
941 2592 1173 2644 Megenae,
1198 2585 1366 2627 ordinis
1390 2583 1575 2624 militum
1600 2582 1646 2624 S.
1674 2575 1862 2623 Ioannis,

255 2673 384 2700 suum
415 2657 655 2712 prioratum
688 2652 878 2706 collegio
907 2650 965 2690 ibi
996 2655 1156 2701 coepto
1199 2644 1376 2694 obtulit,
1409 2650 1453 2683 et
1482 2655 1638 2683 sumus
1672 2635 1862 2693 pontifex

255 2717 399 2758 vniuit
422 2716 581 2758 eidem.

345 2777 415 2829 83.
482 2775 596 2816 Cum
635 2767 934 2813 olomucensis
973 2765 1224 2820 episcopus,
1266 2762 1309 2802 in
1349 2760 1560 2814 oppidum
1606 2753 1865 2810 Oppauiam‚

256 2849 362 2876 suae
385 2832 590 2883 diocesis,
614 2828 787 2872 haeresi
810 2832 1087 2879 corruptum,
1113 2837 1160 2864 se
1184 2820 1462 2869 contulisset,
1487 2825 1531 2858 et
1556 2824 1754 2857 nostrum
1779 2822 1866 2865 pro-

262 2893 495 2935 uincialem
531 2889 744 2933 Austriae
771 2889 822 2929 Ρ.
855 2883 1148 2928 Laurentium
1175 2879 1375 2922 Madium
1402 2876 1500 2933 [sic]
1527 2882 1570 2916 et
1594 2871 1867 2915 concionato-

331 3032 367 3055 ἕξ
417 3020 645 3055 Cantanzari
668 3031 739 3055 ms,
