1891 3292
528 249 664 284 EPIST.
686 247 864 283 236.—23
894 251 1086 286 AUGUSTI
1118 262 1204 297 1575
1562 258 1630 304 357

52 352 163 396 dicio
188 365 245 392 un
271 363 382 405 poco
405 350 495 404 piu,
521 350 739 404 potrebbe
764 350 908 393 aiutar
932 354 1048 395 nella
1071 355 1269 398 dottrina
1296 357 1472 412 xpiana.
1496 367 1539 402 et
1564 361 1680 402 nelle

52 427 331 479 confessioni,
356 426 598 468 studiando
622 426 650 467 11
674 427 820 468 casi...
850 427 884 468 ⁵.

135 506 176 548 6.
242 504 405 559 Questi
428 504 577 559 giomi
602 505 783 558 passati,
810 508 970 547 stando
995 509 1064 548 nel
1088 510 1278 564 collegio
1301 512 1344 552 di
1367 513 1591 563 siracusa,
1619 516 1676 555 ho

52 585 191 626 inteso
212 583 295 624 che
319 581 358 622 la
382 580 491 622 citta
515 581 694 622 haueua
717 580 822 622 dato
846 582 962 624 mille
986 585 1112 625 scudi
1138 599 1211 639 per
1244 587 1365 629 aiuto
1395 588 1436 629 di
1467 591 1614 644 coprir
1636 592 1676 633 la

51 660 208 703 chiesa.
237 659 333 700 Hor
356 657 492 711 quelli
517 657 695 698 riscossi
716 672 793 711 per
819 673 908 699 non
933 659 959 699 li
981 669 1104 703 tener
1126 662 1272 716 otiosi,
1296 672 1338 707 et
1358 666 1566 709 massime
1586 682 1673 708 non

52 737 86 780 si
107 735 316 779 hauendo
334 751 358 776 a
377 733 522 789 coprir
542 740 667 776 tanto
687 741 836 788 presto
860 736 900 776 13
919 736 1084 791 chiesa,
1113 737 1429 783 s'inuestirono
1459 742 1501 782 in
1528 744 1677 785 buona

53 821 170 871 parte
198 813 242 853 in
273 822 394 855 certa
423 811 604 862 intrata,
637 811 708 852 del
739 812 826 852 che
857 812 897 854 la
926 813 1032 855 citta
1062 814 1097 855 si
1127 819 1358 867 contento,
1392 819 1569 861 benche
1592 834 1675 862 suo

51 891 217 933 intento
240 904 329 930 non
355 890 399 930 fu
424 890 552 942 altro,
579 890 662 930 che
682 889 774 930 fare
796 890 990 943 spender
1011 892 1155 944 quella
1179 907 1348 934 somma
1369 896 1480 937 nella
1508 896 1672 939 chiesa.

53 967 320 1011 Accadendo
355 966 398 1007 in
434 980 649 1021 presenza
679 974 832 1008 nostra
863 968 945 1008 che
976 982 1082 1009 eran
1116 971 1359 1012 necessarii
1391 981 1523 1012 cento
1554 974 1679 1014 scudi

53 1060 123 1101 per
155 1044 183 1085 11
215 1043 413 1099 legnami
446 1058 529 1085 con
565 1044 650 1084 che
683 1043 719 1084 si
754 1045 809 1084 ha
838 1043 894 1085 da
918 1045 1064 1098 coprir
1094 1047 1239 1100 queHa
1262 1047 1429 1101 chiesa,
1463 1056 1506 1090 et
1530 1063 1617 1089 non
1642 1051 1677 1090 si

53 1117 265 1164 trouando
288 1122 449 1164 alcuno
473 1121 585 1162 altro
611 1121 757 1171 modo,
786 1135 924 1175 parue
956 1122 1210 1165 necessario
1243 1125 1411 1167 uender
1437 1140 1524 1166 una
1555 1135 1677 1179 parte

50 1199 91 1242 di
113 1199 255 1254 quella
279 1205 470 1248 entrata,
496 1204 541 1239 et
563 1196 657 1240 cosi
682 1197 717 1239 si
744 1200 853 1249 fece,
879 1198 1072 1241 dicendo
1092 1210 1465 1254 espressamente‚
1487 1203 1570 1244 che
1590 1217 1676 1243 non

50 1278 296 1319 haueuamo
320 1276 394 1317 noi
418 1275 581 1317 facolta
604 1275 876 1326 sufficiente,
905 1276 978 1330 gia
1003 1278 1084 1318 che
1109 1277 1255 1330 questi
1281 1278 1433 1321 denari
1459 1293 1595 1320 erano
1614 1279 1676 1319 in-

51 1353 194 1396 uestiti
215 1353 259 1394 in
283 1360 475 1403 entrata,
503 1368 573 1395 ma
595 1354 678 1395 che
701 1353 1069 1395 domandariarno
1091 1369 1115 1396 a
1140 1355 1195 1396 V.
1226 1355 1277 1395 P.
1302 1355 1341 1396 13
1365 1356 1675 1397 confermatio-

49 1445 115 1483 ne,
141 1431 179 1472 la
202 1431 332 1484 quale
357 1431 579 1473 uerrebbe
602 1430 765 1473 dentro
790 1430 832 1471 di
858 1439 982 1472 certo
1007 1438 1173 1486 tempo.
1203 1433 1303 1473 Non
1330 1432 1575 1474 solamente
1599 1447 1675 1486 par

49 1507 331 1563 ragioneuole
365 1509 448 1550 che
480 1507 516 1549 si
551 1507 623 1549 dia
653 1522 730 1562 per
760 1507 906 1562 questi
932 1516 1064 1549 cento
1088 1508 1215 1549 scudi
1247 1508 1416 1551 licenza
1441 1508 1482 1550 di
1509 1509 1678 1551 uender

48 1594 166 1641 parte
187 1585 301 1628 della
323 1592 515 1636 entrata,
543 1601 613 1628 ma
643 1587 840 1627 anchora
872 1599 948 1640 per
978 1586 1138 1627 alcune
1169 1586 1278 1627 altre
1302 1584 1504 1639 quantita
1527 1585 1570 1626 di
1594 1586 1673 1627 de—

49 1662 137 1705 nari
161 1663 244 1705 che
267 1662 304 1704 si
327 1663 490 1705 cauino
514 1663 630 1705 della
653 1664 776 1705 detta
799 1677 970 1705 somma
995 1663 1038 1704 di
1066 1663 1182 1704 mille
1205 1663 1348 1713 scudi,
1376 1677 1400 1703 o
1431 1676 1538 1704 uero
1561 1663 1674 1705 della

50 1746 232 1793 entrata‚
259 1739 376 1782 nella
400 1740 531 1793 quale
554 1740 590 1781 si
614 1739 911 1782 inuestirono.
944 1740 996 1780 Et
1019 1754 1067 1781 se
1086 1740 1172 1780 ben
1199 1753 1286 1780 non
1311 1739 1346 1780 si
1371 1740 1395 1780 e
1420 1746 1546 1793 posta
1570 1753 1674 1792 que-

47 1822 111 1858 sta
132 1816 388 1858 conditione
411 1831 633 1871 espoessa,
661 1818 745 1858 che
768 1817 975 1859 l'entrata
999 1831 1024 1857 o
1050 1825 1174 1870 parte
1198 1815 1239 1856 di
1266 1816 1413 1870 quella
1436 1815 1472 1856 si
1498 1822 1676 1869 potesse

50 1894 210 1936 uender
234 1908 309 1949 per
333 1908 416 1936 uso
441 1893 486 1935 di
516 1894 663 1948 quella
694 1893 881 1948 fabrica,
915 1908 992 1948 par
1022 1893 1324 1944 s’intendeua3
1356 1892 1515 1947 poiche
1549 1892 1677 1933 altra-

50 1978 191 2014 mente
223 1971 469 2026 parerebbe
498 1971 752 2027 ingiustitia
783 1985 873 2012 non
905 1971 1097 2025 spender
1132 1971 1279 2025 quella
1308 1984 1480 2011 somma
1513 1970 1677 2010 donata

51 2061 120 2102 per
141 2049 180 2089 la
203 2047 325 2099 cina,
354 2063 380 2089 o
403 2049 551 2102 quella
574 2057 700 2104 parte
729 2049 814 2092 che
838 2049 957 2090 fosse
988 2048 1255 2099 necessaria,
1278 2047 1323 2088 in
1353 2047 1576 2101 quell’uso
1600 2060 1676 2100 per

47 2125 86 2167 10
106 2126 232 2179 quale
254 2126 296 2167 13
319 2126 450 2168 diede
472 2127 514 2168 13
537 2126 662 2169 citta.
691 2125 739 2170 St
764 2127 851 2168 che
872 2127 928 2169 V.
958 2128 1007 2169 P.
1034 2126 1094 2167 sia
1116 2125 1287 2168 auisata
1306 2124 1347 2165 di
1367 2130 1541 2178 questo3
1567 2129 1677 2164 etse

48 2201 85 2244 le
107 2203 256 2257 parera
280 2203 324 2244 in
350 2204 545 2245 Domino
568 2203 886 2256 conueniente,
913 2217 1041 2245 corne
1064 2218 1088 2244 a
1117 2202 1192 2243 noi
1223 2215 1344 2256 pare,
1377 2200 1411 2242 si
1442 2207 1675 2242 contente-

48 2277 92 2320 Γέι
114 2279 156 2320 di
178 2280 429 2323 confermar
452 2281 556 2335 quel
579 2288 807 2322 contratto
829 2280 873 2321 di
898 2293 925 2333 4
949 2280 1095 2334 oncie,
1122 2280 1207 2320 che
1233 2279 1368 2320 fanno
1393 2276 1506 2319 dieci
1530 2276 1672 2325 seneli,

48 2369 119 2409 per
140 2356 168 2398 li
199 2370 276 2400 Ioo
298 2357 373 2412 gia
396 2357 521 2410 detti,
546 2359 631 2400 che
657 2365 782 2400 tanto
806 2364 1048 2399 costarono
1071 2356 1108 2398 31
1135 2356 1291 2409 nostri,
1319 2362 1362 2396 et
1388 2362 1513 2395 tanto
1537 2353 1573 2393 si
1598 2366 1677 2394 usa

46 2431 88 2473 di
114 2433 189 2476 dar
218 2449 295 2490 per
324 2435 552 2477 ordinario
581 2435 626 2476 in
657 2442 821 2489 questo
851 2449 1008 2490 regn03
1042 2441 1086 2476 et
1109 2435 1260 2475 hanno
1289 2434 1427 2474 breue
1460 2430 1677 2485 approba-

47 2510 152 2551 torio
183 2510 227 2552 di
258 2512 407 2566 questi
440 2512 564 2554 censi
599 2512 671 2554 del
710 2526 885 2553 sommo
922 2511 1146 2566 pontefice
1180 2508 1404 2563 Gregorio
1448 2519 1511 2560 13,
1549 2520 1677 2547 come

46 2585 370 2644 m'informano,
408 2598 707 2644 quantunque
747 2589 790 2630 in
828 2591 967 2631 Roma
1003 2595 1163 2642 questa
1197 2584 1400 2641 quantita
1440 2583 1476 2626 si
1510 2583 1675 2637 ripute-

48 2662 177 2706 rebbe
198 2664 396 2719 ingiusta
420 2681 505 2708 con
530 2666 735 2722 ragione3
764 2681 835 2708 ma
868 2680 957 2707 non
989 2665 1031 2706 in
1059 2674 1216 2718 questa
1240 2661 1488 2718 prouincia,
1514 2660 1632 2702 doue
1657 2659 1678 2700 ὲ

46 2739 275 2785 ordinaria.
316 2744 418 2786 Non
448 2743 712 2786 stracchero
745 2744 820 2799 piu
853 2745 907 2786 V.
945 2745 995 2785 P.
1030 2756 1114 2783 con
1149 2740 1222 2796 piu
1253 2740 1389 2794 longa
1423 2739 1597 2780 lettera.
1624 2736 1677 2778 Ci

48 2820 429 2862 raccomandiamo
452 2820 752 2864 humilmente
786 2820 904 2863 nelle
938 2819 1126 2861 orationi
1163 2826 1207 2859 et
1241 2815 1448 2858 sacrificii
1485 2814 1529 2855 di
1553 2812 1675 2868 quel-

61 3034 71 3043 ,
111 3000 124 3019 ⁵
171 3002 396 3040 Omittimus
415 3005 540 3052 aliqua
562 3005 609 3040 de
631 3005 847 3041 vendendis
866 3005 1047 3039 domibus
1071 3002 1366 3048 panormitanis3
1387 2999 1437 3035 cf.
1459 2999 1573 3045 epist.
1595 2998 1676 3043 232,

47 3065 170 3095 annot.
192 3070 224 3097 2.
