1891 3292
254 195 322 238 718
768 195 953 229 POLANC1
981 203 1295 229 COMPLEMENTA

211 309 385 339 reorum
409 294 546 336 annui
570 294 788 346 redditus,
814 295 1140 349 supplicatione
1158 295 1426 350 subscripta,
1450 304 1493 339 et
1511 297 1669 340 litteris
1687 298 1731 340 in
1751 300 1832 343 for-

212 370 278 396 ma
305 355 451 395 bullae
474 353 713 408 expeditis.

302 425 367 454 11.
434 412 602 454 Eodem
623 420 823 465 tempore
841 412 1064 454 concessit
1082 427 1284 454 summus
1305 413 1520 468 pontifex,
1542 423 1723 468 petente
1742 430 1831 459 car-

208 471 344 512 dinali
368 471 568 521 Carrafa,
595 479 642 514 vt
666 470 839 512 dotatio
865 470 1026 512 domus
1050 472 1324 525 probationis
1348 473 1681 525 auenionensis,
1702 489 1832 528 quam
1887 515 1889 517 ,

208 534 384 584 legatus
407 529 646 571 cardinalis
690 528 947 571 Borbonius
978 544 1033 571 ex
1063 530 1319 572 confiscatis
1354 531 1484 572 bonis
1508 532 1832 577 haereticorum

211 589 303 631 lieri
326 588 534 637 iusserat,
560 597 603 630 et
637 603 660 629 a
692 588 772 629 Pio
805 602 919 642 papa
949 588 987 629 V
1022 597 1203 643 propter
1234 588 1337 631 belli
1368 603 1590 643 expensas
1619 605 1834 646 suspensa
1887 624 1889 629 ,

212 649 370 697 fuerat,
395 647 450 688 ad
473 647 686 688 effectum
711 647 1028 689 deduceretur.

304 718 370 748 12.
436 706 537 747 Hoc
560 714 778 747 autumno
802 704 1008 747 Madridii
1028 706 1208 748 scholae
1231 706 1481 761 institutae,
1503 715 1546 749 et
1565 720 1619 749 ex
1643 709 1834 752 occasio-

210 779 264 806 ne
283 764 633 806 contradicentis
666 763 832 818 oppidi,
858 763 1031 818 regium
1067 765 1320 817 consilium,
1356 765 1463 806 visis
1495 766 1831 810 constitutioni-

210 826 293 865 bus
315 823 555 866 Societatis
579 837 680 864 cum
703 822 1030 873 aedificatione,
1053 823 1210 864 melius
1234 824 1288 866 de
1312 824 1447 865 rebus
1477 825 1642 866 nostris
1670 826 1833 870 sentire

209 882 375 936 coepit.

303 953 368 994 13.
436 940 603 982 Eodem
627 947 844 981 autumno
881 939 1120 994 collegium
1145 939 1410 995 legionense
1433 957 1457 983 a
1480 941 1646 983 nostris
1668 944 1834 987 habita-

209 1000 243 1040 ri
267 1007 461 1054 ceptum,
486 1008 529 1041 et
552 999 734 1041 scholae
757 998 924 1040 ibidem
949 1006 1145 1053 apertae.

302 1071 367 1111 14.
435 1059 531 1101 Sub
561 1057 693 1100 finem
724 1058 1012 1108 Nouembris,
1047 1059 1096 1100 P.
1130 1057 1332 1111 Baptista
1361 1059 1568 1102 Sanchez
1605 1061 1835 1114 professus

209 1130 234 1170 4
258 1125 482 1167 votorum,
521 1116 587 1157 vir
622 1116 864 1158 deuotione
893 1116 936 1157 in
966 1117 1111 1158 Deum
1136 1123 1180 1158 et
1203 1116 1502 1158 concionandi
1533 1118 1650 1159 dono
1672 1120 1832 1172 clarus,

211 1187 255 1217 vt
287 1176 475 1226 vixerat,
508 1183 662 1217 sancte
692 1175 747 1216 ad
777 1175 1020 1216 Dominum
1052 1174 1263 1229 migrauit
1296 1176 1340 1216 in
1370 1177 1502 1218 domo
1536 1179 1835 1231 professorum

211 1250 407 1277 romana.

304 1304 367 1347 15.
435 1292 691 1347 Collegium
731 1292 1004 1343 louaniense,
1040 1293 1159 1346 quod
1197 1293 1416 1348 dilapsum
1456 1297 1600 1335 tuerat
1633 1295 1677 1337 in
1715 1296 1834 1339 varia

212 1355 321 1402 loca,
348 1367 449 1393 cum
476 1351 682 1406 princeps
706 1350 935 1405 Orangiae
959 1365 1054 1393 eam
1080 1351 1308 1393 ciuitatem
1332 1352 1569 1407 coepisset,
1597 1367 1832 1408 recupera-

213 1421 253 1454 ta
277 1411 477 1465 ciuitate,
499 1420 542 1452 et
568 1411 724 1464 fugato
748 1409 962 1464 principe,
982 1411 1162 1451 domum
1181 1411 1326 1461 rediit3
1352 1420 1395 1454 et
1414 1412 1627 1453 lectiones
1650 1427 1833 1457 consue-

212 1481 277 1512 tas
302 1469 559 1524 resumpsit3
586 1477 629 1511 et
653 1468 889 1511 occasione
911 1468 1045 1509 huius
1068 1469 1355 1523 dispersionis
1378 1480 1579 1524 accepta,
1605 1485 1706 1512 cum
1730 1486 1832 1515 con-

212 1530 411 1571 uictores
436 1543 590 1569 omnes
613 1535 761 1569 essent
786 1527 916 1569 etiam
942 1527 1116 1582 dilapsi,
1141 1543 1228 1569 non
1248 1543 1324 1571 eos
1342 1529 1644 1571 admittendos
1662 1532 1831 1574 censui-

214 1603 327 1637 mus,
355 1597 398 1629 et
423 1588 484 1629 ita
507 1586 742 1640 collegium
767 1586 1025 1628 louaniense
1050 1587 1135 1628 hoc
1158 1601 1294 1628 onere
1317 1588 1549 1629 liberatum
1575 1595 1658 1631 est.

306 1647 371 1690 16.
438 1648 600 1688 Comes
625 1645 818 1688 Vreniae
841 1645 1079 1699 collegium
1111 1660 1241 1686 suum
1274 1655 1316 1687 et
1350 1647 1688 1689 vniuersitatem
1719 1649 1833 1691 Osu-

212 1720 294 1748 nae
320 1706 536 1749 Societati
556 1712 750 1758 nostrae,
777 1704 922 1744 missis
950 1704 1004 1745 ad
1031 1705 1205 1746 Patrem
1230 1713 1431 1746 nostrum
1463 1714 1647 1749 sanctae
1670 1722 1833 1749 memo-

213 1764 303 1807 riae
328 1765 502 1814 litteris,
529 1763 691 1804 obtulit
725 1764 809 1803 hoc
839 1763 998 1805 eodem
1029 1771 1264 1815 autumn03
1296 1765 1374 1806 sed
1404 1765 1616 1806 admissio
1646 1779 1748 1808 cum
1782 1768 1835 1809 ad

211 1838 377 1865 nouum
403 1823 657 1878 generalem
683 1821 939 1876 pertineret,
968 1836 1108 1875 Vsque
1131 1824 1185 1863 ad
1209 1823 1305 1863 eius
1340 1823 1604 1865 electionem
1629 1825 1834 1867 differen-
1890 1858 1891 1861 η

211 1883 266 1924 da
288 1883 384 1925 fuit.

307 1952 371 1993 17.
442 1940 689 1993 Episcopus
727 1940 1031 1981 vrbeuetanus
1066 1954 1145 1993 pro
1181 1941 1371 1995 collegio
1392 1941 1432 1982 in
1470 1943 1634 1996 oppido
1658 1943 1834 1997 Aquae·

212 2000 448 2053 pendentis
471 1999 746 2039 instituendo
771 1999 856 2039 hoc
880 2007 1099 2039 autumno
1122 1999 1332 2051 instabat,
1360 2008 1403 2041 et
1428 2001 1577 2042 locum
1617 2016 1668 2042 ac
1692 2002 1833 2045 reddi-

212 2070 283 2099 tus
306 2058 606 2113 assignandos
632 2057 985 2107 demonstrabat3
1013 2058 1091 2099 sed
1114 2058 1169 2098 ad
1198 2072 1367 2099 nouum
1393 2060 1648 2112 generalem
1674 2061 1836 2103 reiecta

209 2125 276 2159 est
302 2119 414 2159 haec
444 2116 663 2166 tractatio,
690 2129 771 2156 nec
795 2129 958 2169 magna
983 2129 1084 2169 spes
1108 2116 1146 2158 ei
1169 2117 1289 2159 data.

306 2177 370 2217 18.
437 2176 552 2217 Curn
579 2174 622 2214 in
649 2173 913 2215 massiliensi
938 2174 1119 2216 ciuitate
1140 2176 1224 2216 hoc
1248 2182 1467 2217 autumno
1486 2177 1665 2231 quidam
1690 2193 1745 2221 ex
1763 2193 1837 2220 no-

209 2235 312 2276 stris
341 2234 634 2276 concionatus
665 2240 796 2284 esset‚
830 2232 1008 2285 quidam
1044 2248 1097 2275 ex
1129 2234 1246 2274 clero
1276 2248 1495 2277 accensus
1518 2237 1738 2279 desrderio
1775 2238 1835 2279 vi-

209 2294 342 2336 dendi
377 2294 418 2334 in
465 2293 604 2347 patria
634 2306 715 2333 sua
747 2292 922 2332 firmum
958 2291 1196 2334 Societatis
1227 2300 1406 2335 nostrae
1439 2295 1728 2348 domicilium,
1762 2297 1837 2338 do-

212 2367 331 2394 mum
354 2367 479 2393 suam
507 2365 606 2392 cum
630 2350 773 2391 hortis
791 2350 845 2390 ad
866 2351 1165 2403 professorum
1186 2352 1366 2392 domum
1386 2355 1745 2397 constituendam
1765 2356 1836 2398 de-

209 2411 290 2462 dit,
317 2425 432 2464 quae
457 2410 567 2451 satis
590 2410 644 2450 ad
668 2409 712 2450 id
735 2409 923 2450 comoda
949 2410 1040 2451 fore
1064 2409 1346 2464 intelligitur.

304 2483 368 2525 19.
438 2469 719 2523 Burdegalae
760 2467 1014 2509 institutum
1054 2476 1120 2509 est
1157 2469 1242 2509 hoc
1283 2484 1399 2510 anno
1436 2471 1674 2525 collegium
1705 2473 1835 2527 (quod

210 2544 283 2582 per
307 2544 402 2570 ean
423 2528 652 2569 ciuitatem
678 2526 899 2568 transiens
925 2526 972 2567 P.
997 2527 1050 2568 N.
1081 2527 1368 2578 Franciscus,
1396 2538 1578 2572 sanctae
1598 2532 1835 2574 memoriae

209 2588 512 2639 admisserat),
538 2601 638 2627 curn
663 2600 687 2626 a
712 2598 817 2639 rege
847 2584 1218 2627 christianissimo
1249 2587 1407 2628 domus
1437 2588 1491 2628 ad
1522 2589 1629 2631 illud
1658 2590 1831 2645 erigen-

208 2647 313 2687 dum
337 2653 454 2687 esset
477 2645 718 2697 assignata,
738 2644 841 2685 olim
862 2658 885 2684 a
904 2643 1065 2684 Carolo
1084 2646 1252 2698 Magno
1272 2653 1496 2688 extructa.
1527 2648 1581 2689 Et
1601 2664 1624 2690 a
1644 2649 1834 2702 quodam

209 2705 416 2746 senatorii
446 2680 614 2745 ordinis
641 2703 767 2745 valde
799 2702 868 2756 pio
890 2701 989 2743 ciue
1012 2703 1101 2743 duo
1127 2703 1260 2744 millia
1293 2705 1547 2747 francorum
1572 2708 1709 2748 annui
1733 2708 1827 2750 red-

208 2764 328 2804 ditus
350 2764 588 2817 applicata3
611 2761 914 2816 predicatione
932 2768 1082 2802 autern
1106 2769 1150 2802 et
1170 2761 1418 2805 ministerio
1438 2773 1833 2818 sacramentorum,

209 2823 266 2862 ibi
292 2837 368 2876 per
393 2830 568 2863 nostros
592 2822 791 2875 vigente,
824 2831 932 2861 1200
957 2818 1158 2870 heretici,
1185 2820 1401 2864 ecclesiae
1421 2824 1694 2866 reconciliati
1714 2831 1832 2868 sunt.

206 2882 319 2922 Cum
344 2888 493 2923 autem
517 2880 669 2921 schole
706 2886 860 2932 aperte
898 2892 922 2919 a
947 2876 1111 2918 nostris
1149 2886 1315 2930 essent,
1346 2888 1498 2923 tantus
1532 2883 1587 2925 ad
1611 2886 1836 2925 eas'scho-

207 2940 461 2980 lasticorum
486 2952 700 2980 numerus
723 2937 955 2986 confluxit,
983 2944 1029 2977 vt
1054 2937 1298 2991 collegium
1325 2946 1367 2981 et
1392 2940 1524 2981 simul
1549 2942 1832 2994 vniuersitaS,

206 2998 301 3039 eius
324 2998 535 3050 ciuitatis,
568 3008 615 3050 15
652 2996 1018 3051 praeceptoribus
1059 2995 1276 3037 instructa
1307 2998 1400 3050 (qui
1434 3006 1581 3043 tamen
1608 3015 1696 3050 non
1721 3002 1833 3043 bene
