1891 3292
255 228 323 260 260
750 226 936 261 POLAch
963 235 1280 262 COMPLEMENTA

207 340 351 368 mores
375 332 584 367 curarent
609 325 816 377 missalia,
837 327 1074 381 breuiaria,
1096 327 1231 368 libros
1255 327 1461 379 (sublatis
1484 327 1734 381 haereticis)
1757 341 1824 370 ca-

210 402 396 444 tholicos
425 409 457 456 ²,
491 402 706 457 agendas,
733 403 826 444 suis
849 403 1054 458 parochis
1077 417 1167 445 non
1190 403 1363 454 deesse3
1389 416 1638 458 seuereque
1660 404 1824 458 praeci-

207 485 363 533 perent
387 492 502 532 quae
524 478 579 520 de
604 477 722 521 uitae
747 480 981 522 honestate
1003 486 1046 522 et
1066 479 1221 520 habitu
1240 479 1349 521 cleri
1367 479 1606 521 concilium
1627 479 1825 522 tridenti-

206 569 311 596 num
336 554 566 609 praecipit;
593 555 715 609 quod
738 555 871 598 etiam
896 555 1108 599 haeretici
1131 562 1404 598 uenerentur
1426 569 1503 597 eos
1526 555 1602 609 qui
1625 555 1825 598 sacerdo-

207 638 301 672 tum
323 631 649 673 catholicorum
675 631 895 686 probitate
924 638 968 675 et
998 631 1156 673 habitu
1180 638 1470 684 exornantur,
1494 638 1538 674 et
1560 639 1729 685 contra,
1752 645 1826 674 eos

205 707 455 762 despiciant
478 707 553 762 qui
576 714 741 749 statum
764 721 896 749 suum
919 707 1212 759 erubescunt,
1237 714 1281 750 et
1304 708 1485 749 saeculo
1507 707 1612 749 huic
1635 721 1825 762 nequam

205 797 252 825 se
270 785 569 825 conformant.
595 786 680 826 Per
702 784 880 826 eosdem
899 783 1032 826 etiam
1055 783 1420 838 archiepiscopos
1443 791 1579 838 atque
1597 784 1827 839 episcopos

206 859 365 901 seriam
389 861 556 903 faceret
579 860 890 903 executionem
917 860 1133 914 pontifex,
1159 874 1314 902 eorum
1339 873 1454 914 quae
1476 861 1531 902 de
1553 859 1825 912 uisitatione,

205 936 405 991 synodis,
428 936 667 979 residentia
696 936 916 991 personali
947 944 1198 991 pastorum,
1225 936 1576 979 ordinandorum
1605 936 1824 992 examine,

206 1013 627 1055 concubinariorum
653 1013 931 1055 correctione
947 1021 1102 1055 sancte
1121 1022 1164 1056 et
1183 1012 1437 1056 necessario
1460 1019 1628 1055 statuta
1648 1013 1828 1056 fuerunt

205 1089 250 1130 in
274 1089 465 1131 concilio
487 1088 745 1132 tridentino.

296 1176 336 1219 5.
403 1166 504 1208 Non
543 1165 731 1208 fuissent
761 1165 943 1207 enutriti
976 1165 1230 1220 sumptibus
1259 1165 1475 1208 ecclesiae
1505 1172 1569 1206 tot
1602 1165 1828 1220 religionis

207 1243 358 1284 hostes
396 1242 439 1282 in
473 1241 734 1292 Germania,
766 1241 803 1283 si
826 1241 881 1283 ad
904 1241 1227 1284 cathedralium
1257 1241 1551 1283 ecclesiarum
1584 1242 1827 1296 capitulum

206 1319 379 1360 nullum
403 1317 730 1360 admittendum
754 1332 834 1359 sua
857 1317 1073 1360 sanctitas
1096 1332 1253 1360 seuere
1277 1318 1555 1373 praeciperet
1577 1319 1661 1360 sub
1686 1332 1825 1373 poena

206 1394 649 1446 excomunicationis,
675 1394 749 1448 qui
774 1408 862 1435 non
886 1394 1097 1437 fecissent
1127 1394 1250 1448 prius
1272 1408 1527 1448 expressam
1551 1394 1654 1437 fidei
1677 1397 1824 1437 catho-

207 1470 317 1513 licae
342 1470 681 1525 professionem,
707 1484 822 1523 quae
845 1470 962 1513 sedis
985 1470 1255 1524 apostolicae
1277 1470 1546 1514 auctoritate
1563 1471 1709 1513 aedita
1729 1472 1822 1526 fuit3
1867 1517 1871 1523 ,

206 1561 289 1590 nec
317 1547 363 1588 in
395 1547 729 1589 cathedralibus
757 1546 958 1589 ecclesiis
986 1548 1158 1600 absque
1188 1549 1273 1588 hac
1304 1547 1583 1601 professione
1606 1548 1824 1604 quispiam

204 1623 462 1665 concionari
500 1623 851 1678 permitteretur,
887 1622 971 1664 nisi
1001 1623 1270 1677 professioni
1315 1625 1459 1666 factae
1492 1638 1627 1666 manu
1652 1625 1825 1680 propria

206 1700 560 1755 subscripsisset.
589 1701 644 1741 Et
672 1701 782 1742 haec
811 1701 865 1741 de
894 1700 1013 1741 clero
1042 1701 1341 1742 occurrebant
1365 1701 1491 1753 mihi,
1517 1702 1592 1755 qui
1617 1702 1651 1743 si
1681 1702 1831 1745 officio,

204 1791 289 1819 suo
313 1778 451 1831 probe
475 1778 754 1831 fungeretur,
782 1777 1161 1830 quemadmodum
1184 1784 1364 1832 propter
1386 1777 1511 1819 illum
1534 1778 1681 1833 coepit
1704 1779 1821 1820 blas-

205 1854 406 1908 phemari
430 1868 591 1895 nomen
616 1854 699 1895 Dei
724 1853 861 1894 nostri
885 1861 929 1895 et
951 1853 1048 1894 eius
1071 1853 1289 1896 ecclesiae
1311 1853 1357 1894 in
1375 1854 1605 1909 gentibus,
1632 1855 1696 1897 sic
1721 1869 1824 1909 quo-

206 1943 292 1984 que
317 1929 530 1973 haeretici
555 1930 674 1971 haud
696 1929 832 1971 dubie
856 1937 920 1970 tot
943 1929 1077 1971 sectis
1099 1929 1280 1972 dissecti
1299 1931 1354 1971 ad
1378 1931 1595 1973 unitatem
1614 1931 1826 1974 ecclesiae

205 2014 248 2048 et
271 2006 572 2048 obedientiam
595 2006 700 2048 cleri
725 2006 936 2049 redirent.

294 2083 336 2127 6.
402 2083 475 2124 Ad
499 2083 834 2124 conseruandos
856 2082 1105 2124 catholicos
1128 2090 1171 2123 et
1191 2090 1391 2126 errantes
1411 2085 1708 2136 reuocandos,
1732 2085 1822 2139 plu-

208 2159 368 2201 rimum
391 2158 633 2201 adiumenti
665 2173 745 2200 sua
774 2159 986 2200 sanctitas
1009 2159 1280 2201 Germaniae
1309 2160 1521 2212 adferret,
1546 2160 1582 2202 si
1612 2161 1823 2203 vniuersi-

207 2242 347 2278 tatum
373 2235 493 2277 orbis
517 2235 818 2278 reformationi
838 2236 1098 2289 praeficeret
1114 2235 1230 2276 viros
1249 2249 1428 2290 graues,
1451 2237 1525 2290 qui
1548 2237 1745 2279 omniurn
1766 2238 1823 2279 fa-

206 2312 422 2354 cultatum
458 2311 804 2366 professoribus,
842 2310 1051 2352 omnibus
1084 2311 1404 2365 promouendis
1437 2314 1671 2367 generales
1704 2314 1823 2367 leges

209 2387 586 2442 praescriberent,
618 2395 662 2429 et
702 2395 749 2428 ut
784 2394 1158 2428 conseruarentur
1192 2387 1636 2442 superintenderent,
1677 2403 1822 2443 quem-

208 2465 447 2506 admodum
473 2464 559 2505 iam
583 2464 713 2506 sedes
736 2463 980 2518 apostolica
1000 2464 1143 2504 facere
1167 2464 1317 2518 coepit
1335 2466 1515 2519 quando
1534 2473 1634 2520 post
1652 2466 1818 2508 triden*

209 2541 351 2582 tinum
386 2540 624 2582 concilium
653 2539 975 2594 professionem
1001 2539 1102 2581 fidei
1132 2539 1310 2593 publice
1341 2541 1585 2583 aedendam
1610 2542 1820 2596 praescri·
1857 2529 1860 2532 ⁴

207 2617 308 2672 psit.
337 2618 396 2659 Vt
425 2616 542 2660 enim
572 2630 728 2659 omnes
751 2617 842 2658 fere
870 2630 1043 2658 errores
1072 2630 1126 2658 ex
1155 2617 1396 2659 academiis
1420 2618 1748 2660 haereticorum
1779 2618 1820 2659 in

207 2694 495 2737 Germaniam
518 2694 760 2743 fluxerunt,
786 2691 850 2733 sic
874 2693 1022 2734 denuo
1040 2707 1117 2746 per
1141 2692 1456 2736 Vniuersitates
1475 2695 1702 2737 reformari
1725 2701 1817 2750 pot-

206 2769 311 2820 erit,
344 2785 369 2812 a
400 2770 564 2824 quibus
592 2770 839 2811 deformata
870 2768 966 2811 fuit.
1002 2770 1160 2810 Posset
1190 2769 1431 2823 praescribi
1460 2770 1504 2812 in
1531 2771 1728 2825 qualibet
1761 2772 1819 2813 fa-

274 2964 290 2980 a
342 2954 404 2988 Sic
422 2954 633 2999 legendum
661 2952 813 2986 indicat
842 2952 973 2996 ipsum
993 2962 1080 2991 ms.‚
1100 2952 1355 2996 superpositis
1373 2955 1568 2996 numeris,·
1585 2958 1702 2989 antea
1717 2955 1816 2989 enim

205 3014 395 3058 scriptum
413 3016 515 3047 erat:
536 3011 724 3046 breuiaria
743 3009 920 3055 (sublatis
939 3008 1158 3051 haereticis)
1180 3009 1297 3044 libros·
1316 3010 1537 3047 catholicos.
