1891 3292
240 181 308 214 442
742 167 929 202 POLANcl
957 176 1273 202 COMPLEMENTA

192 272 344 320 moria,
371 277 413 310 et
437 270 475 309 la
500 267 665 322 moglie
689 281 791 318 sua,
824 268 976 309 donna
1008 268 1194 311 [sabella
1223 269 1278 309 de
1309 270 1456 323 Vega,
1489 268 1642 311 denari
1674 283 1750 323 per
1772 269 1812 310 13

192 346 355 388 fabrica
379 346 529 385 d’esso
554 343 745 398 collegio
767 350 811 385 et
834 343 921 387 siti.
955 345 1007 385 Et
1038 344 1073 386 si
1101 344 1345 396 comineiO,
1371 351 1415 386 et
1438 344 1473 386 si
1498 344 1676 399 seguita
1698 345 1813 388 nella

192 422 357 463 fabrica
385 421 499 461 della
531 434 681 460 nuoua
709 420 876 474 chiesa,
908 421 1025 462 doue
1055 421 1090 461 si
1121 423 1176 461 ha
1202 435 1226 461 a
1257 420 1417 475 sepelir
1446 420 1474 461 il
1504 434 1639 476 corpo
1669 421 1813 463 d'esso

191 500 305 539 duca
330 497 377 550 (il
409 497 539 551 quale
568 503 635 537 sta
666 496 711 537 in
741 497 945 551 deposito
974 497 1092 539 nella
1122 497 1272 538 chiesa
1304 497 1513 552 uecchia‚
1545 498 1628 539 che
1657 497 1813 539 adesso

187 588 317 616 serue
335 573 407 614 alli
428 573 605 625 nostri),
626 588 650 614 a
670 587 799 627 spese
818 573 926 614 loro.
951 574 1005 614 Et
1022 573 1057 614 si
1077 574 1260 627 compro
1279 587 1369 614 una
1385 572 1681 628 possessione,
1701 573 1825 630 della,

190 651 320 704 quale
343 649 469 703 quasi
493 649 529 690 si
552 656 753 691 sostenta
777 649 902 691 detto
925 650 1129 704 collegio,
1154 657 1198 691 et
1221 649 1350 692 diede
1374 649 1418 690 in
1446 648 1536 691 uita
1559 650 1669 690 altre
1691 649 1813 690 limo-

190 727 285 768 sine
308 726 414 780 ogni
439 740 573 776 ann03
601 732 644 768 et
667 726 778 768 altre
802 740 994 781 persone
1017 726 1059 766 di
1085 727 1230 780 quella
1254 739 1357 767 casa
1388 727 1538 767 hanno
1562 725 1695 768 etiam
1720 725 1812 767 aiu-

191 809 298 851 tato‚
324 809 368 843 et
392 801 425 842 si
451 815 582 856 spera
606 802 744 842 rnolto
768 801 842 855 pisi
866 801 1129 843 aiuteranno
1159 802 1306 856 quella
1336 815 1488 856 opera.
1517 801 1657 843 Diede
1681 801 1811 843 etiam

188 878 216 918 il
240 879 355 919 duca
376 893 433 919 un
460 878 652 932 priorato
675 878 718 919 di
743 892 823 920 sua
849 878 1198 932 presentatione‚
1225 878 1451 919 chiamato
1471 878 1513 919 di
1533 879 1616 921 S.²²
1639 879 1813 933 Marga-

190 955 288 1006 rita,
314 955 342 995 il
366 956 495 1008 quale
518 954 557 995 si
581 969 636 995 ua
662 954 853 997 tuttauia
877 954 1192 1010 migliorando‚
1217 962 1261 997 et
1285 953 1473 997 rendera
1493 956 1694 996 un’anno
1731 968 1813 997 con

190 1032 302 1072 altro
326 1031 398 1085 piu
418 1031 461 1071 di
487 1042 571 1072 200
601 1041 640 1076 V
658 1029 715 1081 ,(Ὴ,
742 1031 914 1074 bench&
938 1031 973 1072 si
998 1032 1168 1085 spende
1191 1045 1303 1086 gran
1329 1038 1453 1085 parte
1472 1045 1553 1072 con
1580 1030 1714 1085 quelli
1733 1032 1814 1073 che

192 1109 233 1149 ui
258 1108 504 1150 attendono
529 1122 606 1162 per
630 1108 812 1159 adesso;
840 1116 883 1150 et
914 1108 939 1148 il
970 1108 1161 1162 collegio
1191 1108 1234 1148 di
1261 1108 1433 1149 Biuona
1467 1121 1554 1149 non
1580 1107 1678 1149 sara
1706 1121 1815 1161 poco

192 1200 237 1226 se
263 1183 424 1226 canera
451 1191 583 1225 cento
612 1184 739 1225 scudi
764 1184 951 1226 franchi.
988 1184 1152 1226 Polizzi
1182 1184 1217 1225 si
1248 1184 1382 1226 crede
1405 1199 1460 1226 ne
1489 1185 1651 1226 cauera
1681 1184 1815 1225 molto

194 1261 283 1314 pisi,
312 1274 359 1302 se
384 1260 425 1302 ui
450 1260 547 1302 sara
571 1260 764 1315 collegio
787 1260 830 1302 di
854 1261 910 1315 la,
937 1261 979 1302 di
1005 1262 1129 1303 detto
1154 1261 1362 1315 priorato,
1390 1262 1472 1302 che
1505 1260 1531 1302 li
1557 1267 1623 1302 sta
1649 1260 1810 1301 uicino.

284 1339 368 1379 Per
391 1337 417 1377 il
442 1337 632 1392 collegio
655 1337 697 1377 di
720 1337 895 1392 Reggio
918 1337 1047 1379 diede
1066 1338 1104 1378 13
1128 1338 1235 1379 citta
1261 1339 1511 1378 un'entrata
1535 1337 1577 1378 di
1604 1349 1687 1378 200
1717 1335 1817 1382 V.d³

193 1429 269 1468 per
293 1414 319 1454 il
345 1427 493 1464 meno3
522 1428 592 1455 rna
622 1414 656 1454 si
681 1414 821 1455 affitta
852 1415 895 1455 in
928 1425 1013 1467 250
1045 1412 1160 1464 Vfli,
1187 1422 1230 1456 et
1255 1415 1313 1454 ha
1345 1414 1449 1455 dato
1479 1428 1566 1455 una
1590 1413 1741 1455 chiesa
1772 1420 1815 1455 et

191 1490 275 1530 sito
299 1491 354 1531 da
378 1490 442 1531 sar
466 1490 493 1531 il
516 1490 723 1544 collegio,
750 1497 793 1532 et
818 1505 896 1545 per
922 1491 1158 1532 fabricarlo
1179 1505 1233 1532 ua
1251 1490 1465 1531 aiutando
1482 1504 1568 1531 con
1593 1489 1810 1532 limosine.

284 1569 367 1608 Per
402 1568 630 1609 Monreale
661 1582 750 1607 non
794 1567 835 1608 ui
869 1568 893 1609 0
933 1567 1044 1609 altra
1079 1567 1343 1609 fundatione
1380 1566 1694 1620 insin'adesso,
1731 1567 1816 1609 che

192 1644 337 1696 quella
360 1644 432 1685 del
455 1643 652 1685 cardinal
677 1645 872 1686 Farnese
895 1643 939 1684 di
964 1655 1047 1685 200
1077 1654 1117 1688 V
1135 1641 1176 1685 ,di
1199 1644 1364 1693 Panno,
1392 1657 1480 1684 non
1500 1642 1644 1692 fermi,
1664 1650 1707 1685 et
1726 1641 1815 1683 aiu-

195 1728 237 1759 10
260 1719 392 1762 etiarn
421 1734 496 1774 per
528 1721 569 1761 13
592 1711 719 1773 casa{
746 1727 789 1762 et
819 1735 897 1775 per
926 1720 1169 1762 l'aumento
1199 1720 1242 1761 di
1274 1734 1395 1770 essa,
1422 1726 1466 1760 et
1496 1733 1575 1773 per
1604 1719 1644 1760 la
1668 1720 1816 1760 chiesa

191 1796 287 1837 ch'e
314 1797 421 1838 fatta
452 1796 494 1836 di
520 1810 692 1847 nuoua;
719 1804 761 1838 et
788 1810 864 1850 per
888 1797 928 1839 le
956 1798 1077 1838 scole
1106 1798 1162 1838 ha
1192 1797 1361 1837 aiutato
1391 1796 1432 1837 la
1455 1795 1583 1849 citta,
1611 1803 1655 1836 et
1680 1794 1813 1849 parti-

193 1872 330 1914 colari
354 1872 398 1913 di
421 1887 535 1915 essa.

281 1949 334 1991 Di
359 1956 519 2003 questo
542 1950 681 2003 breue
706 1950 977 2005 ragguaglio
997 1951 1124 2004 potra
1143 1951 1199 1992 V.
1227 1951 1274 1991 P.
1299 1950 1435 1992 ueder
1458 1949 1527 1991 cio
1545 1950 1631 1992 che
1649 1949 1685 1990 si
1703 1949 1816 1991 deue

193 2027 255 2066 far
281 2016 514 2080 per'quelli
538 2028 623 2068 che
645 2028 796 2067 hanno
819 2026 1088 2068 cominciato
1111 2042 1135 2068 a
1160 2027 1316 2068 fondar
1336 2025 1483 2080 questi
1506 2025 1701 2080 collegii,
1721 2032 1813 2066 tan-

191 2110 236 2143 to
259 2102 302 2143 in
322 2101 488 2151 Sicilia,
511 2110 680 2156 quanto
699 2102 812 2143 fuori
832 2102 873 2143 di
894 2117 1009 2145 essa.
1033 2103 1147 2144 Altri
1168 2102 1292 2144 molti
1314 2100 1614 2158 ben[e]fattori
1632 2101 1670 2142 ci
1690 2114 1813 2152 sono,

191 2178 294 2221 delli
320 2178 438 2232 quali
463 2193 551 2219 non
585 2179 707 2233 parlo
731 2178 828 2232 qui,
861 2178 979 2232 quali
1011 2180 1163 2220 hanno
1194 2178 1469 2221 accresciute
1499 2179 1539 2219 le
1569 2175 1816 2219 fondationi

190 2256 329 2305 (10110,
355 2263 398 2297 et
423 2243 614 2297 tuttauia
638 2254 676 2296 ci
702 2269 893 2296 saranno
916 2258 1064 2308 (corne
1087 2269 1217 2309 spero
1241 2255 1284 2296 in
1304 2254 1404 2307 Dio)
1427 2268 1502 2309 per
1526 2253 1729 2296 condurli
1748 2253 1814 2294 col

190 2340 340 2385 tempo
361 2347 382 2372 a
417 2331 627 2386 maggior
662 2332 943 2385 perfettione.
980 2331 1027 2374 Si
1056 2332 1284 2386 seguitera
1313 2331 1357 2372 in
1388 2332 1537 2384 quello
1565 2332 1651 2372 che
1681 2331 1815 2371 fanno

190 2408 509 2459 insin'adesso,
541 2408 807 2462 aspettando
839 2407 1020 2449 l’ordine
1051 2408 1095 2449 di
1128 2409 1183 2450 V.
1221 2409 1271 2449 Ρ.
1316 2422 1389 2462 per
1423 2407 1613 2449 innouar
1656 2407 1813 2448 alcuna

191 2499 308 2536 cosa,
334 2500 381 2527 se
400 2484 632 2527 accadera.
661 2485 716 2526 Et
740 2484 903 2540 perche
926 2484 961 2525 si
986 2484 1135 2526 scriue
1158 2485 1320 2526 d’altre
1342 2498 1447 2526 cose
1477 2498 1555 2538 per
1585 2485 1711 2537 altre,
1746 2497 1811 2524 so-

190 2562 383 2603 lamente
406 2561 449 2602 in
474 2568 632 2615 questa
661 2562 936 2603 domandero
966 2561 1005 2602 13
1035 2560 1344 2603 benedittione
1371 2560 1414 2602 di
1440 2562 1494 2603 V.
1527 2562 1575 2602 Ρ.
1604 2560 1658 2602 Di
1685 2560 1811 2602 Cata-

192 2637 262 2679 nia
292 2649 340 2679 12
365 2637 408 2678 di
431 2638 647 2680 Gennaro
678 2638 788 2691 1576
812 2636 843 2681 ².

282 2715 348 2756 De
375 2715 429 2758 V.
460 2716 508 2756 P.
538 2714 707 2769 figliolo
730 2722 772 2756 et
796 2728 927 2756 seruo
950 2714 995 2755 in
1020 2714 1122 2765 X.⁰‚

917 2791 946 2847 ’ξ-
972 2792 1162 2847 JOANNE
1187 2805 1246 2833 DE
1272 2793 1514 2834 POLANco.
1551 2791 1580 2846 †

263 2898 275 2916 ²
326 2897 508 2942 Ejusdem
528 2896 604 2931 diei
639 2905 680 2931 12
700 2903 854 2931 exstant
882 2897 919 2931 in
947 2896 1051 2931 dicto
1075 2896 1223 2938 codice,
1249 2897 1321 2930 sub
1352 2907 1389 2932 n.
1413 2904 1490 2940 121,
1519 2896 1622 2940 prius
1646 2903 1810 2938 101-102‚

193 2957 343 2990 litterae
363 2956 518 2990 Polanci
539 2961 761 3001 spectantes
779 2956 914 2990 domos
939 2957 1234 3001 panormitanas,
1257 2955 1304 2989 de
1329 2955 1469 3001 quibus
1489 2966 1618 3000 saepe,
1646 2955 1811 2990 rationes
