1891 3292
247 187 314 220 504
750 172 938 207 POLANC1
963 179 1281 206 COMPLEMENTA

195 276 336 318 tribus
360 274 583 323 omnibus,
610 272 671 314 ita
693 278 739 312 vt
759 271 1024 313 miraculum
1043 272 1266 325 quoddam
1287 271 1515 314 videretur
1533 271 1721 324 factum,
1743 287 1820 327 per

193 334 323 377 istam
347 341 551 374 votorum
576 330 917 372 renouationem
939 336 984 371 et
1007 329 1250 373 conciones
1274 331 1327 372 R.
1356 331 1406 372 P.
1435 329 1622 372 Natalis.
1843 326 1845 328 ’

283 391 350 444 7.Ο
384 390 519 432 huius
551 403 653 431 cum
687 388 862 443 ingenti
896 389 1074 430 feruore
1112 388 1260 430 studia
1297 388 1459 430 iterum
1502 388 1709 443 aggressi
1748 404 1818 431 su·
1879 436 1882 439 ,

194 464 308 492 mus.
337 449 559 492 Visitabat
581 462 736 490 omnes
759 448 924 489 classes
947 448 1000 490 R.
1030 449 1077 490 P.
1103 447 1291 490 Natalis.

283 524 310 566 9
332 507 466 550 huius
488 508 756 562 legebantur
780 505 958 560 publice
986 505 1031 547 in
1055 520 1209 548 mensa
1236 506 1416 549 diuersa
1439 505 1626 547 fratrum
1645 504 1818 548 deside-

194 567 273 619 ria,
300 567 464 622 quibus
486 566 619 609 etiam
644 564 921 619 poenitentia
944 564 1091 618 aliqua
1121 564 1460 617 iniungebatur,
1494 564 1702 618 quamuis
1731 579 1819 607 non

194 627 266 668 illa
290 639 405 680 quae
428 625 717 680 expetebant.
1799 633 1808 638 ⁷

287 697 337 727 Io
360 685 496 726 huius
517 691 561 726 et
584 682 881 737 sequentibus
903 680 1207 724 intelleximus
1231 680 1452 723 mirabilia
1474 695 1528 723 ex
1552 681 1729 733 Billom,
1754 682 1818 724 In-

194 743 294 795 diis,
320 750 364 785 et
387 743 485 784 aliis
508 742 664 784 mundi
688 740 908 796 partibus.

290 815 334 845 11
362 802 495 843 huius
518 803 704 843 Romam
726 799 844 842 venit
870 801 931 842 M.
958 799 1198 842 Hemerius
1221 812 1323 840 cum
1357 806 1552 853 cognato
1575 799 1638 840 M.
1665 798 1820 841 Oliue-

195 860 263 915 rii,
289 860 530 903 Francisco
553 859 802 911 sacerdote,
830 859 1007 900 duobus
1030 857 1264 913 paduanis,
1290 864 1335 900 et
1364 871 1466 899 cum
1491 856 1818 900 Henricoflan-
1880 876 1883 877 ⁷

194 920 287 972 dro,
307 920 382 973 qui
404 934 459 961 ex
477 918 668 973 collegio
686 917 947 972 germanico
964 916 1008 958 in
1027 916 1214 972 patriam
1234 929 1445 970 pergens,
1468 915 1650 959 Paduae
1674 930 1721 958 se
1740 916 1817 959 So-

195 979 345 1020 cietati
369 978 506 1020 dedit.

290 1050 338 1091 13
363 1037 497 1079 huius
525 1035 601 1090 qui
629 1045 723 1078 erat
752 1035 820 1076 8.¹³
851 1033 1142 1089 Epiphaniae,
1175 1033 1399 1087 stupendo
1427 1032 1620 1086 quodam
1654 1033 1817 1076 affectu

196 1096 402 1140 recitauit
437 1096 481 1136 in
511 1094 748 1138 refectorio
776 1093 1022 1135 orationem
1053 1093 1107 1135 de
1142 1092 1393 1134 humilitate
1423 1091 1715 1134 Hieronimus
1749 1091 1819 1135 ille

195 1164 363 1206 noster,
389 1155 473 1196 sub
502 1154 637 1196 finem
667 1153 798 1196 etiam
834 1152 879 1193 in
913 1166 1063 1206 genua
1091 1150 1350 1201 concidens,
1376 1159 1419 1192 et
1444 1164 1521 1204 pro
1550 1149 1816 1201 humilitate,

194 1228 297 1256 cum
336 1213 536 1256 omniurn
573 1211 881 1265 admiratione,
918 1210 1160 1253 Dominum
1194 1210 1338 1252 Iesum
1373 1208 1632 1264 suppliciter
1666 1210 1819 1263 depre-

195 1287 324 1316 cans.

284 1332 369 1374 His
391 1331 550 1373 diebus
572 1329 831 1385 scripsimus
855 1327 1125 1383 peculiarem
1154 1327 1372 1370 rationem
1403 1325 1687 1368 examinandi
1717 1340 1816 1368 con-

194 1390 427 1434 scientiam
449 1404 525 1444 per
548 1391 602 1431 R.
632 1391 681 1431 P.
711 1388 974 1430 Polancum.

283 1462 337 1491 20
367 1449 518 1500 huius,
546 1447 621 1502 qui
650 1455 743 1489 erat
773 1448 936 1488 festum
966 1446 1013 1488 S.
1047 1443 1317 1497 Sebastiam,
1351 1443 1474 1486 dedit
1509 1445 1561 1486 R.
1598 1444 1650 1486 P.
1679 1450 1821 1485 rector

191 1508 487 1552 Sebastianus
511 1506 719 1549 omnibus
750 1506 1006 1547 facultatem
1038 1502 1416 1545 communicandi.
1446 1503 1553 1544 Post
1585 1502 1818 1557 prandium

193 1582 297 1610 vero
321 1568 376 1609 ad
400 1568 446 1610 S.
474 1568 684 1608 Ioannem
707 1566 1035 1607 lateranensem
1054 1576 1138 1604 nos
1157 1561 1291 1615 misit,
1317 1562 1361 1604 in
1386 1576 1475 1616 quo
1495 1560 1820 1616 pulcherrimae

194 1626 406 1680 reliquiae
431 1640 532 1667 cum
556 1639 720 1679 magna
743 1622 988 1665 deuotione
1013 1628 1285 1663 monstratae
1308 1628 1429 1663 sunt.

283 1685 380 1727 lstis
403 1684 561 1725 diebus
585 1683 828 1725 conciones
851 1681 937 1722 diei
961 1680 1137 1723 veneris
1168 1680 1390 1722 faciebant
1422 1680 1472 1721 R.
1505 1680 1555 1720 P.
1585 1678 1817 1730 Emanuel‚

194 1746 245 1787 R.
275 1746 329 1786 P.
365 1743 636 1797 Bottelgius‚
667 1741 861 1784 Victoria
880 1747 923 1782 et
948 1741 1009 1782 M.
1036 1740 1214 1790 Torres3
1242 1738 1377 1792 idque
1402 1745 1604 1792 tempore
1629 1736 1816 1792 prandii.

282 1815 331 1845 21
362 1802 495 1844 huius
518 1801 773 1843 audiuimus
796 1800 851 1842 de
874 1797 1207 1840 coloniensibus
1232 1797 1460 1850 fratribus,
1482 1795 1712 1850 quomodo
1736 1796 1818 1837 iam

194 1862 391 1904 habeant
429 1861 670 1915 collegium
710 1858 864 1901 Trium
904 1858 1207 1908 Coronarum,
1249 1855 1477 1910 quomodo
1512 1856 1662 1897 faueat
1697 1869 1820 1896 sena-

196 1928 282 1973 tus,
308 1929 393 1963 etc.

285 1992 355 2032 24.
394 1980 460 2020 Ex
491 1987 715 2032 suggestu
751 1976 1020 2019 enunciabat
1051 1974 1215 2029 populo
1254 1975 1314 2016 M.
1351 1972 1626 2016 Benedictus
1655 1971 1814 2014 consti-

197 2038 334 2080 tuisse
357 2039 404 2081 S.
438 2039 484 2081 S.
511 2036 785 2079 audientiam
815 2050 862 2077 se
887 2034 1191 2076 exhibiturum
1216 2033 1354 2075 semel
1378 2031 1569 2086 singulis
1593 2031 1820 2074 mensibus
1876 2044 1879 2082 ι

193 2098 401 2139 omnibus
425 2096 499 2150 qui
528 2096 583 2137 de
613 2109 659 2136 re
687 2095 894 2148 quapiam
922 2092 1136 2147 conqueri
1166 2092 1347 2142 vellent,
1380 2090 1560 2132 duobus
1588 2089 1816 2132 cardinali·
1877 2097 1880 2145 ξ

191 2158 277 2198 bus
300 2156 538 2206 iudicibus3
566 2154 717 2208 largiri
741 2153 873 2196 etiam
898 2153 1044 2207 ipsum
1075 2151 1285 2193 omnibus
1315 2149 1557 2204 plenariam
1581 2148 1817 2202 indulgen·
1878 2155 1880 2178 ὲ

195 2216 318 2265 tiam,
365 2215 442 2268 qui
485 2213 664 2255 contriti
695 2210 804 2266 'ipso
850 2211 957 2267 [die]
992 2209 1299 2252 conuersionis
1346 2210 1405 2251 D.
1449 2207 1575 2250 Pauli
1607 2209 1817 2262 templum
1878 2203 1881 2222 ¹*

195 2276 250 2317 D.
283 2273 403 2316 Petri
425 2274 492 2315 vel
516 2274 572 2314 D.
602 2271 729 2313 Pauli
759 2271 1040 2312 accederent.

282 2334 335 2375 28
360 2332 494 2373 huius
514 2331 635 2373 venit
662 2331 716 2372 ad
740 2330 982 2384 collegium
1008 2327 1228 2370 Emerius.
1257 2328 1330 2369 Ad
1356 2328 1402 2370 S.
1425 2326 1619 2368 Crucem
1645 2324 1687 2365 in
1712 2323 1818 2366 Hie·
1880 2345 1881 2351 =

191 2393 384 2434 rusalem
409 2390 488 2432 iuit
514 2392 573 2433 M.
603 2388 876 2431 Benedictus
895 2402 995 2429 cum
1021 2387 1290 2441 quibusdam
1311 2385 1406 2427 aliis
1428 2396 1472 2426 vt
1496 2391 1696 2426 sanctam
1722 2397 1816 2424 cru·
1880 2378 1881 2396 ³

195 2465 294 2494 cern
319 2450 540 2492 adoraret.

284 2522 338 2565 29
360 2509 493 2550 huius
517 2509 730 2550 Loretum
753 2505 834 2547 iuit
859 2519 962 2546 cum
981 2505 1158 2546 duobus
1182 2503 1277 2545 aliis
1298 2501 1509 2544 fratribus
1533 2503 1593 2544 M.
1618 2499 1817 2555 Baptista

195 2569 440 2610 brixianus

282 2627 449 2669 Vltimo
474 2623 680 2676 Ianuarii,
707 2623 781 2677 qui
805 2629 899 2664 erat
923 2621 1144 2663 dominica
1169 2622 1238 2664 23³⁴
1258 2627 1357 2675 post
1381 2617 1691 2673 Epiphaniam,
1719 2630 1815 2658 coe-

193 2686 255 2741 pit
279 2684 535 2727 concionari
564 2683 608 2723 in
639 2683 809 2735 Campo
833 2682 1017 2732 Sancto,
1044 2679 1318 2734 germanice,
1345 2678 1613 2720 Lambertus
1642 2683 1813 2723 noster,

194 2746 267 2799 qui
292 2744 482 2798 collegio
500 2750 527 2766 ¹1²
544 2742 746 2784 exiturus
765 2741 890 2783 flexis
909 2740 1099 2794 primum
1123 2739 1318 2793 genibus
1336 2736 1694 2780 benedictionem
1724 2747 1814 2788 pre—

193 2805 378 2846 cabatur
402 2818 426 2844 a
450 2804 501 2844 R.
532 2802 582 2842 P.
611 2807 798 2841 rectore.

271 2960 288 2975 ¹1
338 2950 545 2993 collegium
570 2960 641 2982 ms.
