1891 3292
500 191 1088 237 EPHEMEmDEs.—MAJ.-JUN.
1116 194 1204 237 1558
1549 194 1618 229 623

38 289 274 340 adiutorin
301 291 706 347 oportunitatibus
733 293 849 333 Data
874 301 940 336 est
964 308 1071 336 cura
1090 296 1299 338 omnibus
1317 304 1364 338 vt
1382 297 1666 351 peculiariter

37 362 80 399 et
100 352 279 395 assidue
301 351 498 394 Domino
522 352 620 392 Deo
643 350 768 391 illum
793 354 1132 395 commendent.

127 423 174 455 ΙΙ
200 411 337 452 huius
359 411 556 452 solutum
581 418 649 451 est
671 409 733 450 illi
759 410 835 463 qui
860 412 989 453 nobis
1020 425 1068 455 12
1093 414 1273 456 berillas
1296 414 1389 455 vini
1417 414 1531 456 corsi
1564 430 1668 457 ven-

38 472 224 515 diderat.

129 530 180 573 16
207 528 343 571 huius
374 528 617 570 decantate
645 534 753 570 sunt
782 527 980 580 litaniae,
1014 530 1118 584 quia
1147 540 1241 573 erat
1270 531 1363 574 dies
1394 531 1668 575 Litaniarum

41 589 277 634 Maiorum.
832 638 836 641 ς

125 661 181 702 23
205 646 341 689 huius
363 646 456 688 dati
480 653 587 688 sunt
610 652 801 700 patrono
826 648 1017 690 Macello
1048 660 1095 690 12
1121 649 1261 691 aurei.

126 707 341 760 24-huius
359 706 542 748 iuerunt
561 705 784 748 Ameliam
803 705 982 748 Gurrea
1005 712 1038 758 tt,
1059 708 1291 760 Horatius;
1316 710 1544 753 Perusiam
1566 724 1670 752 vero

41 767 282 812 Robertus.
1120 792 1129 798 ι

127 837 182 879 27
211 825 349 867 huius
378 823 636 878 accepimus
665 835 715 865 Io
739 837 900 865 aureos
930 824 1108 866 nomine
1141 826 1381 868 cardinalis
1410 827 1665 881 Carpensis.

127 886 182 928 28
214 884 349 926 huius
378 883 585 925 discessit
617 884 671 925 P.
703 872 870 925 Cosme
900 883 1016 925 datis
1053 895 1100 926 ro
1130 885 1294 937 aureis3
1328 893 1371 928 et
1401 887 1595 941 reliquos
1624 886 1669 926 in

27 945 161 989 'aliud
185 951 364 998 tempus
387 943 633 998 permittet.

129 1016 179 1058 31
206 1002 342 1044 huius
359 1003 513 1057 accepi
533 1002 683 1044 literas
707 1016 731 1043 a
758 1008 901 1042 matre
924 1001 979 1044 de
1003 1014 1058 1054 40
1082 1002 1228 1044 aureis
1252 1003 1307 1044 ab
1327 1004 1529 1045 Arnoldo
1553 1018 1667 1046 mer-

42 1070 206 1106 catoris
228 1062 454 1103 ministro.

129 1120 494 1165 De'terminatum
518 1127 586 1162 est
612 1127 657 1161 vt
682 1120 873 1162 Cosmas
897 1120 979 1161 iret
1004 1121 1058 1161 ad
1084 1128 1177 1163 2³³¹
1201 1121 1404 1165 classem.

650 1259 712 1288 DE
746 1258 906 1288 MENSE
941 1258 1078 1288 IUNIO

132 1361 199 1417 3.⁰
225 1361 362 1404 huius
385 1362 488 1403 data
512 1367 581 1403 est
604 1358 712 1401 mihi
735 1373 844 1401 cura
867 1359 1071 1401 vertendi
1095 1358 1191 1400 illas
1215 1359 1381 1400 literas.
1415 1358 1675 1413 Disputauit

46 1423 222 1478 publice
247 1423 307 1464 M.
335 1421 527 1463 Carolus
550 1420 593 1460 in
619 1419 842 1462 Minerua.

133 1483 201 1535 7.0
227 1481 365 1523 huius
397 1479 520 1522 venit
550 1479 606 1520 ad
638 1478 883 1534 collegium
909 1485 956 1518 vt
986 1477 1197 1519 exercitia
1229 1478 1394 1520 faceret
1424 1477 1676 1518 Ioachimus

46 1541 317 1599 grauiensis.
345 1539 483 1583 Venit
508 1540 699 1581 Romam
724 1552 828 1579 cum
853 1536 975 1579 socio
999 1538 1192 1590 quodam
1217 1538 1269 1579 R.
1301 1538 1350 1578 P.
1379 1537 1555 1590 Lanoy.

131 1600 200 1657 9.⁰
225 1600 361 1642 huius
384 1598 572 1653 resipuit
595 1599 803 1648 Ioannes,
829 1596 1006 1640 veniam
1032 1596 1173 1651 petiit,
1200 1603 1243 1637 et
1266 1595 1544 1650 experientia
1567 1594 1677 1636 didi-

47 1660 190 1702 cimus
213 1660 384 1702 bonum
409 1657 659 1700 remedium
683 1665 841 1699 contra
866 1655 1139 1698 tentationes
1163 1669 1262 1698 esse
1285 1655 1519 1698 ieiunium.

130 1720 266 1762 Venit
283 1733 338 1761 ex
356 1718 509 1762 Sicilia
533 1718 584 1760 R.
615 1719 666 1761 P.
690 1717 954 1759 Domenech
978 1729 1080 1757 curn
1101 1715 1150 1757 P.
1178 1714 1410 1756 Anthonio
1433 1713 1617 1755 Winck.

139 1791 188 1822 Io
218 1779 355 1820 huius
385 1778 594 1819 turbatus
618 1777 702 1818 fuit
730 1775 948 1827 Thomas;
975 1783 1018 1817 et
1048 1776 1249 1829 placatus
1277 1781 1362 1827 est,
1388 1773 1526 1828 petita
1553 1773 1680 1815 venia

52 1851 97 1882 ΙΙ
122 1839 275 1881 huius:
302 1852 393 1892 quo
415 1837 488 1880 die
510 1836 644 1878 soluit
676 1836 891 1878 Nicolaus
914 1834 1117 1877 medicus
1145 1834 1262 1875 duos
1285 1847 1462 1884 aureos,
1489 1841 1532 1875 et
1556 1832 1678 1873 habi-

49 1909 156 1940 tum.
183 1899 230 1942 S.
256 1897 288 1923 “¹
312 1898 577 1940 Mandatum
602 1910 682 1950 pro
707 1894 930 1950 pecuniis.

139 1970 188 2001 12
212 1957 349 1999 huius
377 1956 460 1998 iuit
488 1957 544 1997 ad
573 1955 848 1999 Societatem
879 1954 1097 1995 Nicolaus
1121 1953 1176 1994 de
1206 1951 1447 1993 Camerino
1471 1966 1524 1993 ex
1549 1951 1679 1992 colle-

47 2017 121 2073 gio
144 2016 422 2072 germanico.

134 2076 412 2120 Nunciatum
437 2082 505 2118 est
529 2073 758 2129 appulisse
784 2075 941 2115 Patres
965 2087 1022 2115 ex
1046 2069 1279 2125 Hispaniis
1302 2070 1530 2113 Genuam.

141 2150 206 2191 13.
236 2135 500 2179 Monuimus
528 2147 790 2188 germanos,
817 2133 942 2174 iussu
973 2134 1027 2174 R.
1062 2132 1110 2172 P.
1139 2129 1330 2180 Madrid‚
1359 2136 1405 2169 vt
1428 2127 1681 2183 diligentio-

51 2210 119 2239 res
149 2203 303 2240 essent
325 2195 370 2236 in
394 2194 680 2237 obseruando
703 2206 785 2234 suo
808 2191 1033 2241 instituto,
1060 2188 1358 2243 suscipiendis
1384 2186 1681 2241 poenitentiis,

51 2271 201 2299 amore
224 2262 269 2297 et
290 2253 567 2297 confidentia
590 2267 700 2308 erga
724 2266 822 2303 nos,
850 2259 894 2293 et
923 2249 1212 2293 obseruantia
1235 2248 1517 2302 superiorum
1541 2254 1583 2289 et
1615 2260 1681 2287 re-

52 2316 275 2370 gularum,
300 2322 388 2357 etc.
415 2313 539 2355 Abiit
562 2327 616 2355 ex
640 2311 834 2366 collegio
864 2309 1125 2366 germanico
1149 2307 1455 2362 Hyeronimus
1484 2306 1540 2348 de
1563 2304 1682 2347 Forl'l

52 2376 95 2417 in
124 2375 314 2430 patriam
345 2388 471 2416 suam
501 2386 605 2414 cum
636 2373 791 2414 fratre.
822 2370 1133 2413 Concionatus
1164 2375 1232 2409 est
1269 2368 1318 2408 P.
1351 2366 1555 2408 Gonsalo
1593 2365 1685 2406 Vas

53 2434 289 2477 lusitanice
312 2433 358 2474 in
382 2433 575 2476 ecclesia
597 2433 644 2475 S.
672 2430 879 2473 Antonii.

147 2504 195 2547 15
226 2494 363 2535 huius
389 2492 515 2535 venit
540 2493 728 2534 Romam
756 2491 808 2532 P.
842 2491 1037 2531 Ismarus
1067 2500 1169 2528 cum
1203 2486 1253 2526 P.
1287 2483 1480 2526 Martino
1509 2480 1683 2522 concio-

54 2560 209 2595 natore
234 2552 483 2594 viennensi.
505 2551 664 2594 Fiebat
682 2549 874 2604 insignis
898 2546 1122 2603 processio
1140 2559 1195 2587 ex
1213 2544 1260 2587 S.
1283 2542 1495 2585 Marcello
1514 2541 1567 2582 ad
1587 2541 1682 2581 col—

55 2613 223 2668 legium
257 2618 481 2655 nostrum.
513 2609 800 2652 Intermissae
828 2614 936 2649 sunt
969 2606 1186 2648 lectiones
1218 2602 1471 2657 superiores
1504 2606 1687 2654 propter

55 2673 320 2715 electionem
344 2670 570 2726 generalis
592 2676 637 2711 et
660 2669 848 2710 calores.

149 2743 198 2785 17
220 2731 356 2772 huius
378 2729 575 2772 indicaui
599 2727 827 2781 germanis
845 2724 1029 2767 nomine
1052 2726 1099 2765 P.
1124 2720 1297 2764 Madrid
1321 2733 1408 2760 non
1432 2732 1530 2760 esse
1547 2717 1685 2758 inter-

59 2791 297 2834 mittendas
316 2789 564 2831 conciones
587 2803 664 2844 per
687 2794 919 2830 aestatem.
944 2782 1078 2826 Venit
1109 2782 1325 2823 Rhomam
1358 2793 1412 2821 ex
1441 2775 1688 2830 Hyspaniis

61 2851 110 2892 P.
136 2851 283 2893 Miron
307 2863 411 2891 cum
434 2849 613 2890 duobus
636 2847 732 2889 aliis
756 2843 1080 2894 sacerdotibus,
1108 2853 1298 2894 quorum
1322 2838 1433 2879 alter
1461 2842 1557 2878 erat
1588 2848 1684 2889 pro·

60 2909 218 2952 fessus.
1180 2922 1183 2925 ¹

127 3044 155 3069 tt
214 3042 328 3078 Gorr.
351 3052 424 3077 ms,
477 3042 559 3066 ——tt'
583 3038 757 3074 Dubium
780 3039 916 3070 utrum
935 3032 1159 3079 legendum.
1184 3038 1216 3073 5.
1239 3040 1305 3065 an.
1327 3028 1367 3064 S.
