1891 3292
562 219 1094 266 COMMENTAR10LA.—1566
1524 225 1594 269 659

16 328 106 374 aliis
128 324 168 366 in
193 336 350 366 eorum
376 321 452 376 qui
475 322 667 364 lectores
692 330 859 376 essent,
889 323 1055 376 locum;
1078 331 1121 367 et
1146 339 1215 366 res
1239 325 1405 379 placuit
1423 325 1640 380 pontifici;

16 387 88 432 sed
108 385 162 426 de
184 380 488 431 missionibus,
517 388 563 421 vt
587 395 658 422 res
683 394 786 422 cum
817 382 968 436 legato
993 390 1264 426 tractaretur
1295 387 1536 439 Augustae
1565 400 1642 427 an-

20 455 191 501 tequam
213 441 391 489 fierent‚
417 439 642 495 probauit.

99 502 154 559 [3.
162 500 180 520 ⁶
204 499 306 554 bis].
373 499 544 540 Eodem
575 497 647 540 die
677 498 1005 552 professionem
1029 501 1176 542 emisit
1200 503 1395 544 Tornaci
1422 505 1473 544 P.
1501 502 1642 545 Maxi-

19 563 218 608 milianus
247 557 469 614 Ca[pella]
498 569 526 610 4
556 564 781 608 votorum,
815 560 865 601 P.
901 560 1090 602 Ioannes
1119 563 1358 615 Mortagne
1390 575 1430 615 3,
1463 569 1507 603 et
1536 569 1642 604 vota

17 621 322 667 coadiutorum
373 616 676 672 spiritualium
729 617 1024 659 formatorum
1077 621 1127 662 P.
1184 620 1373 661 lacobus
1422 621 1642 675 Doegius,

23 685 68 726 P.
104 677 372 722 Leonardus
404 675 636 726 Villarius,
670 675 723 717 P.
757 673 986 718 Henricus
1015 692 1038 719 a
1069 679 1271 732 Quercu,
1306 681 1356 721 P.
1390 679 1648 722 Gossuinus

21 742 252 807 Houtenus
281 735 325 778 in
357 735 569 777 manibus
599 734 748 777 Patris
776 735 888 777 vice·
896 736 1201 792 prouincialis,
1234 738 1433 780 doctoris
1460 739 1642 781 Franci-

19 799 78 844 sci
99 795 289 841 Costeri.

99 869 141 910 4.
148 855 169 878 o
231 853 523 908 Propositum
549 852 631 895 fuit
654 854 741 894 hoc
764 852 862 907 ipso
885 867 1040 897 mense
1072 855 1290 909 pontifici,
1322 856 1378 898 de
1408 856 1644 898 educendo

18 931 69 963 ex
87 913 325 969 Aethiopia
348 912 603 968 patriarcha
626 912 830 963 Andrea,
857 914 977 967 quod
1001 914 1165 955 multos
1184 914 1243 955 ibi
1268 929 1411 956 annos
1433 915 1529 957 sine
1553 916 1642 956 fru-

20 984 89 1020 ctu
109 987 261 1017 earum
286 972 525 1037 regionum
554 978 763 1013 versatus
792 972 837 1013 in
868 972 1072 1014 maximis
1102 973 1333 1015 laboribus
1361 982 1406 1015 et
1436 973 1646 1029 periculis

18 1041 144 1086 esset,
169 1046 252 1075 nec
274 1046 376 1087 spes
399 1031 519 1072 vlla
510 1045 555 1072 m
580 1038 812 1086 posterum
837 1032 1078 1083 affulgeret
1102 1032 1280 1074 maioris
1304 1033 1480 1074 fructus
1504 1032 1643 1097 perci-

21 1068 176 1151 piendi3
202 1099 246 1134 et
268 1098 316 1132 vt
338 1091 384 1132 in
410 1090 644 1156 regionem
669 1090 981 1145 iaponensium
1007 1105 1058 1132 ac
1081 1091 1298 1143 sinarum,
1325 1106 1426 1133 cum
1453 1106 1578 1133 soeio
1602 1098 1647 1134 et

20 1153 268 1198 coadiutore
291 1150 504 1216 episcopo
526 1149 715 1193 niciensi
741 1150 975 1192 Melchiori
1009 1151 1207 1194 Carnere
1231 1126 1328 1207 [sib]
1354 1152 1510 1194 eadem
1542 1164 1643 1192 cum

22 1218 247 1270 potestate,
274 1224 408 1264 quam
430 1210 475 1250 in
499 1208 746 1264 Aethiopia
769 1210 1008 1261 habuerat,
1037 1211 1314 1261 transferret;
1336 1218 1500 1252 etcum
1525 1211 1647 1264 lega-

23 1281 66 1315 to
90 1269 409 1325 portugalliae,
435 1268 479 1310 id
504 1268 791 1323 proponenti,
811 1281 1076 1311 concessum
1097 1277 1228 1321 esset,
1249 1269 1450 1312 litterae
1441 1284 1484 1311 in
1506 1270 1647 1310 forma

22 1330 161 1374 breuis
188 1328 425 1383 expeditae
459 1329 659 1379 fuerunt,
696 1342 811 1382 quae
845 1328 1126 1383 patriarchae
1158 1329 1370 1371 Andreae
1403 1329 1448 1369 in
1481 1328 1645 1370 virtute

23 1388 293 1433 obedientiae
315 1389 434 1429 hanc
456 1389 854 1429 commutationem
882 1387 1212 1441 prouinciarum
1238 1388 1555 1442 iniungebant.

11 1460 15 1465 '
102 1447 167 1502 5.⁰
229 1447 313 1490 Die
337 1445 407 1500 7.εἶῑ
430 1446 664 1489 Februarii
690 1447 740 1488 P.
767 1446 942 1488 Natalis
965 1461 1067 1488 cum
1096 1448 1146 1488 P.
1169 1448 1390 1489 Ledesma
1409 1455 1453 1489 et
1470 1447 1649 1488 duobus

24 1508 160 1561 sociis,
185 1506 356 1549 scilicet
380 1508 433 1550 P.
460 1506 681 1548 Ximenez
703 1513 748 1547 et
770 1506 973 1558 Georgio
997 1507 1176 1561 polono,
1200 1508 1461 1560 Augustam
1481 1507 1536 1547 ad
1555 1505 1646 1547 die-

27 1578 106 1610 tam
125 1566 312 1622 profecti
335 1573 458 1616 sunt,
485 1575 528 1608 et
557 1566 604 1607 Ρ.
632 1565 806 1607 Natalis
829 1565 1065 1607 institutus
1088 1574 1155 1606 est
1175 1565 1408 1619 visitato[r]
1425 1577 1452 1618 4
1472 1565 1647 1619 prouin-

26 1627 203 1680 ciarum,
239 1626 516 1674 Germaniae
549 1624 808 1679 Superioris
835 1632 878 1666 et
904 1624 1154 1675 Inferioris,
1192 1624 1404 1666 Austriae
1438 1632 1482 1666 et
1506 1624 1652 1666 Rheni

0 1727 2 1732 ,
26 1700 120 1729 cum
141 1685 296 1728 eadem
321 1691 561 1740 potestate,
595 1698 729 1737 quam
761 1698 974 1738 praesens
1003 1684 1229 1738 generalis
1253 1683 1493 1725 habiturus
1515 1691 1649 1724 esset.

106 1745 172 1788 6.⁰
234 1744 368 1786 Circa
391 1745 478 1785 hoc
503 1750 682 1798 tempus
711 1744 864 1785 missio
895 1744 946 1785 P.
983 1743 1153 1786 Canisii
1186 1759 1211 1785 a
1246 1743 1458 1798 pontifice
1491 1744 1653 1784 confir-

1 1815 4 1824 ·
29 1813 136 1847 mata
158 1810 240 1858 est,
269 1811 312 1846 et
335 1818 359 1845 a
383 1802 598 1845 cardinali
622 1803 807 1845 Amulio
830 1802 870 1844 ei
895 1816 972 1857 per
995 1803 1166 1846 litteras
1185 1802 1456 1857 significata,
1484 1811 1530 1842 vt
1556 1808 1654 1856 post

27 1863 181 1906 dietam
206 1863 297 1917 (cui
321 1862 625 1904 interfuturus
647 1862 757 1915 erat)
782 1870 962 1916 ceptum
989 1863 1187 1903 officium
1215 1868 1578 1916 persequeretur.

109 1924 174 1976 7.0
236 1921 308 1979 qa
343 1923 416 1965 die
439 1921 675 1964 Februarii
701 1923 752 1963 P.
790 1923 1085 1963 Bustamante
1114 1935 1216 1962 cum
1247 1921 1426 1962 duobus
1456 1920 1587 1962 sociis
1609 1919 1655 1962 in

32 1980 284 2037 Hispaniam
325 1988 393 2024 est
432 1980 595 2023 missus
634 1988 677 2023 et
712 1980 914 2022 visitator
949 1981 1158 2022 Baeticae
1192 1980 1485 2030 constitutus,
1523 1993 1599 2034 per
1630 1994 1658 2035 9

33 2055 198 2084 menses
220 2056 244 2082 a
268 2041 537 2096 Septembre
559 2040 856 2084 inchoandos.

114 2100 179 2144 8.⁰
242 2101 393 2142 Huius
416 2100 523 2142 anni
545 2099 673 2140 initio
699 2099 942 2142 Amatricis
965 2099 1100 2154 (apud
1124 2098 1316 2150 brutios)
1339 2097 1656 2150 communitas,

34 2160 174 2202 locum
212 2160 315 2203 S.tae
347 2159 509 2202 Crucis
541 2166 869 2213 nuncupatum,
905 2159 1083 2201 celebre
1115 2158 1235 2212 apud
1268 2158 1406 2213 ipsos,
1443 2157 1658 2200 Societati

7 2219 185 2261 ·obtulit
210 2234 284 2273 per
306 2218 482 2262 litteras
505 2226 550 2261 et
579 2218 815 2268 nuncium,
849 2218 928 2260 sed
958 2232 1051 2259 non
1080 2226 1146 2259 est
1178 2218 1416 2259 admissus.
1449 2218 1656 2258 Tantun—

8 2284 11 2303 ³
31 2277 125 2321 dem
147 2278 309 2320 accidit
331 2278 545 2333 episcopo
568 2277 794 2319 bitontino
813 2292 914 2319 cum
940 2291 1020 2318 sua
1039 2276 1240 2326 ciuitate,
1262 2285 1305 2318 et
1324 2275 1662 2329 archiepiscopo

10 2367 11 2370 η
35 2336 203 2380 barensi
225 2352 329 2380 curn
354 2352 452 2379 sua.
480 2338 597 2379 Cum
640 2337 760 2378 enim
785 2336 989 2390 collegiis
1019 2335 1258 2378 Societatis
1287 2335 1515 2389 erigendis
1545 2335 1661 2388 apud

11 2449 13 2455 Ι
34 2410 79 2438 se
113 2397 312 2439 redditus
336 2397 640 2438 destinassent
684 2404 728 2438 et
752 2397 864 2447 loca,
891 2410 981 2436 non
1005 2395 1148 2436 visum
1175 2395 1258 2435 fuit
1281 2394 1455 2436 admitti
1479 2394 1658 2435 debere.

11 2456 15 2501 i
37 2455 246 2498 Ducissae
288 2456 514 2499 Nuceriae
557 2455 645 2497 iam
689 2456 862 2509 pridem
905 2455 1023 2497 idem
1071 2454 1317 2508 postulanti
1363 2468 1441 2508 pro
1480 2452 1663 2494 ciuitate

12 2510 105 2558 ⁵8²¹
121 2515 224 2556 An
194 2515 298 2570 eli,
316 2523 360 2558 et
380 2516 466 2557 800
502 2516 549 2570 [?]
582 2529 758 2557 annuos
793 2528 955 2556 aureos
989 2515 1095 2554 dum
1134 2513 1306 2554 viueret
1337 2512 1381 2552 in
1415 2511 1665 2554 redditibus

13 2550 245 2632 lofferenti,
284 2583 328 2617 et
361 2583 461 2630 post
494 2584 683 2615 mortem
718 2589 806 2615 non
843 2572 1100 2616 inferiorem
1136 2572 1410 2613 dotationem
1446 2586 1496 2613 ea
1531 2584 1662 2635 quarn

15 2632 172 2676 'Nolae
195 2634 437 2684 comitissa,
462 2634 610 2677 bonae
628 2648 887 2685 memoriae
912 2632 1153 2686 reliquerat
1171 2632 1335 2672 nolano
1354 2630 1560 2684 collegio,
1583 2629 1664 2670 sci·

15 2688 151 2755 ilicet,
178 2705 284 2736 1000
301 2695 587 2744 ducatorum,
623 2707 872 2735 concessus
896 2701 963 2734 est
986 2692 1037 2734 P.
1064 2691 1312 2739 Bobadilla,
1341 2698 1387 2730 vt
1409 2704 1464 2731 eo
1488 2704 1535 2731 se
1559 2702 1664 2729 con-

16 2725 181 2809 {ferret‚
203 2759 247 2794 et
276 2753 450 2796 videret
480 2767 631 2794 rerum
663 2752 1025 2806 dispositionem,
1059 2758 1103 2793 et
1136 2750 1314 2791 interim
1351 2750 1393 2789 in
1428 2748 1664 2802 spirituali-

18 2809 149 2851 bus
141 2825 295 2854 iuuare
319 2812 549 2865 ciuitatem
574 2820 768 2854 curaret.

18 2842 22 2919 l
122 2883 162 2925 9.
169 2872 188 2893 ⁰
248 2871 332 2914 Die
356 2883 422 2914 12.
430 2870 450 2889 ⁸⁴
468 2871 700 2913 Februarii
724 2873 774 2914 Ρ.
795 2869 1022 2925 generalis
1041 2868 1284 2910 comitante
1304 2868 1357 2910 Ρ.
1379 2868 1436 2908 X.
1444 2866 1564 2907 Oforo
1584 2867 1667 2907 Ro-

43 2925 234 2985 driguez,
262 2938 306 2974 et
329 2945 416 2982 me,
443 2930 551 2972 adiit
575 2945 800 2972 summum
795 2907 1102 2983 mefificem,
1129 2936 1172 2968 et
1201 2926 1407 2980 exposuit
1437 2926 1604 2979 scripto
1627 2931 1670 2967 et

21 2987 174 3029 verbo
206 2990 384 3045 collegii
420 2989 594 3031 romani
626 2989 883 3039 Vtilitatem,
922 2995 964 3030 et
1000 3001 1147 3028 rerum
1183 2985 1494 3040 temporalium
1530 2998 1668 3038 penu-

21 3015 25 3086 l
44 3043 160 3100 riam,
184 3055 228 3089 et
251 3049 395 3093 eidem
421 3048 694 3104 supplicauit
720 3055 765 3089 vt
784 3062 828 3089 re
848 3046 1044 3110 Domino
1063 3046 1392 3095 commendata,
1416 3044 1670 3085 considera·

23 3171 27 3188 ί

25 3194 27 3208 l

25 3216 28 3292 l
