1891 3292
510 152 644 185 Episr.
675 153 854 196 209.--z8
874 153 1026 187 MARTn
1059 152 1148 196 1573
1535 162 1599 198 291

346 423 388 459 P.
419 422 687 459 HENRICUS
716 424 1039 461 BLYSSEMIUS
1067 425 1319 464 POLANCO

552 526 695 553 PRAGA
722 518 767 552 28
793 528 939 554 MARTu
968 519 1057 564 1573
1085 522 1109 555 ¹.

278 623 310 651 Ι.
343 613 539 648 Caritatis
564 613 797 660 officim—2.
827 615 1048 650 Ministerii
1074 617 1181 650 sacri
1197 617 1378 662 fructus.

111 730 144 760 Ι.
209 716 238 773 †
264 717 358 758 Pax
383 716 507 758 Chri.
536 716 796 758 Admodum
822 717 933 759 Rde.
962 718 1006 758 in
1031 718 1168 761 Chro.
1200 721 1348 762 Pater.
1380 722 1508 775 Quas
1532 723 1651 764 circa

24 794 210 839 medium
232 792 464 835 Februarii
488 807 567 847 per
599 794 778 835 Patrem
804 794 1127 848 prouincialem
1154 802 1357 838 nostrum
1381 797 1533 840 isthuc
1557 799 1651 842 lite-

24 886 89 914 ras
115 869 230 924 dedi,
264 876 374 924 puto
403 868 666 923 iampridem
698 871 750 912 R.
781 872 832 912 P.
862 872 917 913 V.
951 871 1150 914 redditas
1183 887 1298 915 esse.
1336 875 1470 916 Nunc
1504 877 1652 918 scribo

24 962 184 998 rursus,
210 961 298 988 non
324 947 443 1001 quod
467 947 555 988 vlla
579 947 794 990 materiae
812 948 1061 990 necessitas
1079 949 1139 990 ita
1164 951 1377 1004 postulet,
1398 952 1477 994 sed
1501 960 1548 992 vt
1572 954 1649 994 hu-

25 1025 177 1067 militer
195 1024 401 1075 salutem,
422 1032 467 1065 et
484 1023 640 1078 paucis
658 1023 893 1066 certiorem
919 1026 975 1067 de
998 1034 1116 1068 statu
1137 1041 1288 1068 rerum
1310 1036 1563 1070 nostrarum
1591 1030 1649 1071 fa-

24 1102 129 1145 ciam
153 1102 201 1143 R.
232 1102 282 1142 P.
310 1101 387 1151 V.,
414 1100 488 1142 cui
512 1108 559 1141 vt
581 1100 659 1142 filii
685 1115 933 1157 pragenses
956 1100 1386 1147 commendatissimi
1411 1114 1454 1148 et
1477 1107 1647 1148 charis-

25 1179 116 1221 simi
137 1185 256 1228 sunt,
283 1177 359 1228 ita,
381 1185 449 1219 sat
471 1177 581 1229 scio,
609 1186 872 1233 pergratum
898 1180 1078 1231 accidit,
1106 1188 1149 1223 et
1178 1182 1408 1236 peculiare
1442 1183 1650 1226 solatium

25 1264 87 1299 est
109 1255 488 1310 (quandoquidem
507 1256 698 1297 affectus
716 1265 930 1310 paternus
948 1259 1147 1312 seipsum
1167 1273 1336 1313 negare
1356 1275 1444 1301 non
1471 1262 1649 1315 potest),

24 1333 57 1374 si
77 1333 223 1374 literas
245 1331 300 1373 de
323 1331 387 1374 eis
410 1316 659 1374 crebriores
677 1332 883 1387 accipiat.
907 1334 1080 1377 Omnes
1098 1335 1238 1389 igitur
1256 1344 1394 1387 certe,
1417 1339 1515 1381 Deo
1539 1338 1648 1390 laus,

24 1410 229 1461 valemus,
251 1407 451 1463 exceptis
470 1408 654 1450 nouitiis
672 1409 867 1463 duobus,
885 1424 998 1464 quos
1016 1412 1154 1453 febris
1173 1413 1433 1466 quotidiana
1446 1416 1645 1456 nondum

23 1485 206 1540 reliquit,
232 1487 311 1527 sed
335 1486 476 1527 multo
500 1487 767 1528 clementius
790 1494 939 1530 tamen
964 1502 1099 1542 quam
1132 1492 1353 1533 hactenus
1377 1500 1575 1543 exercet,
1602 1501 1646 1534 vt

23 1563 273 1619 propediem
297 1577 375 1605 eos
398 1563 560 1606 melius
583 1564 835 1617 habituros,
864 1566 960 1607 Deo
984 1566 1191 1620 propitio,
1218 1582 1468 1622 speremus.

106 1652 149 1682 2.
223 1641 554 1695 Propemodum
587 1640 674 1682 iarn
705 1641 983 1683 absoluimus
1014 1657 1204 1686 messem
1236 1646 1508 1699 paschalem,
1535 1662 1649 1701 quae

22 1717 118 1760 licet
140 1717 211 1759 hic
232 1717 393 1760 sterilis
417 1718 473 1758 ob
499 1725 750 1772 temporum
776 1718 962 1760 istorum
997 1721 1067 1763 vel
1097 1722 1328 1763 hominum
1356 1724 1506 1777 potius
1529 1724 1646 1766 iniu-

23 1796 123 1836 riam
145 1808 243 1836 esse
264 1796 420 1845 soleat,
447 1796 533 1836 hoc
557 1802 707 1836 tamen
731 1809 850 1836 anno
881 1796 964 1838 fuit
994 1798 1187 1849 vberior,
1216 1801 1392 1842 tametsi
1426 1801 1498 1842 hic
1528 1803 1649 1843 nulla

21 1871 74 1912 sit
95 1872 206 1913 aula.
235 1873 348 1914 Nam
374 1872 656 1926 poenitentes
686 1873 931 1915 habuimus
960 1875 1140 1919 circiter
1172 1888 1254 1929 5oo
1282 1879 1438 1932 paucis
1467 1879 1645 1931 diebus;

21 1962 68 1990 ex
93 1949 251 2002 quibus
281 1948 464 1991 heretici
494 1961 565 2002 40,
603 1949 820 1992 abiuratis
854 1952 1088 1994 heresibus
1122 1954 1346 2007 omnibus,
1378 1956 1433 1997 ad
1467 1965 1649 1999 sanctae

21 2025 163 2067 matris
185 2026 402 2068 ecclesiae
419 2026 642 2081 gremium
667 2027 916 2079 redierunt,
941 2030 1069 2070 multi
1090 2045 1270 2085 quoque
1288 2047 1420 2074 senes
1444 2034 1520 2087 qui
1545 2049 1569 2075 a
1595 2045 1648 2088 50

20 2102 141 2144 annis
162 2103 353 2145 confessi
375 2118 464 2144 non
490 2104 687 2159 fuerant,
707 2112 751 2146 et
776 2106 969 2148 bohema
989 2109 1208 2160 quaedam
1230 2109 1402 2162 mulier,
1422 2125 1538 2164 quae
1561 2112 1645 2152 iam

21 2179 202 2221 excessit
225 2194 395 2222 annum
418 2180 734 2236 centesimum,
762 2191 806 2222 et
830 2197 1061 2237 nunquam
1093 2187 1465 2240 exhomologesin
1490 2203 1645 2243 exper-

23 2262 63 2297 ta
85 2256 239 2307 fuerat,
266 2257 429 2311 aliique
458 2257 628 2299 similes
655 2259 829 2301 reducti
859 2268 979 2303 sunt.
1021 2261 1179 2305 Plures
1208 2264 1526 2306 habuissemus
1551 2280 1645 2320 pro—

21 2334 89 2374 cul
109 2333 260 2389 dubio,
287 2334 371 2376 nisi
399 2336 573 2389 Pragae
591 2334 801 2390 (excepta
825 2339 1071 2380 cathedrali
1095 2340 1304 2393 ecclesia)
1329 2356 1487 2384 omnes
1512 2357 1643 2397 paro-

19 2407 138 2451 chiae
161 2418 310 2452 essent
339 2410 584 2454 hussiticae
617 2413 687 2454 vel
717 2414 962 2465 hereticae,
997 2415 1053 2456 ad
1084 2430 1196 2470 quas
1225 2419 1361 2459 etiam
1392 2419 1516 2462 ciues
1547 2435 1645 2474 pra—

0 2486 2 2553 }
22 2498 175 2539 genses
196 2501 298 2529 cum
318 2487 494 2529 familiis
517 2488 611 2530 suis
630 2490 701 2531 vel
719 2490 852 2531 inuiti
871 2494 1012 2545 (quod
1031 2493 1086 2535 de
1106 2495 1335 2536 nonnullis
1354 2503 1550 2549 constat)
1575 2511 1644 2539 ac-

0 2555 1 2604 ]
21 2562 170 2606 cedere
191 2566 536 2619 compelluntur,
563 2567 825 2620 praesertim
852 2569 936 2610 hoc
960 2571 1160 2623 paschali
1180 2580 1394 2626 tempore.
1418 2575 1512 2615 Nos
1536 2575 1646 2616 inte—

0 2625 96 2679 {rim
118 2643 467 2696 qualescumque
492 2657 733 2697 possumus
757 2645 864 2686 hinc
894 2645 998 2686 inde
1028 2647 1282 2701 manipulos
1306 2650 1578 2704 colligimus,
1604 2659 1648 2692 et

2 2711 189 2781 {quidem
219 2720 372 2773 paucis
404 2734 503 2761 esse
538 2729 778 2763 contentos
813 2729 1010 2777 oportet,
1036 2724 1198 2775 donec,
1228 2725 1410 2767 fauente
1444 2725 1528 2767 Dei
1561 2727 1646 2768 cle-

1 2787 192 2845 lrnentia,
219 2796 513 2838 restituantur
543 2797 721 2840 alienati
752 2799 866 2853 agri,
893 2806 937 2839 vt
967 2801 1010 2840 in
1042 2800 1106 2842 eis
1138 2801 1320 2843 liberius
1350 2803 1573 2844 seminare
1596 2817 1647 2844 ac

77 2956 94 2993 .¹
146 2958 199 2991 Ex
217 2961 454 3005 autographo
475 2960 511 2994 in
531 2960 620 2995 cod.
650 2961 786 2997 Germ.
812 2972 896 3007 153,
922 2973 933 2997 1
958 2964 1040 3008 fol.‚
1062 2978 1097 3000 n.
1122 2975 1180 3010 24,
1201 2968 1305 3012 prius
1326 2977 1405 3012 271.
