1891 3292
491 153 1068 202 EPHEMERlDES.—JUN.-JUL.
1096 159 1182 202 1558
1535 161 1602 204 625

32 264 186 304 tratres
207 264 392 299 cantare
409 254 626 297 laetanias
649 254 692 296 in
712 256 889 307 eclesia,
910 258 1168 313 disciplinas
1188 262 1334 304 facere
1358 271 1401 303 et
1424 262 1650 305 orationes

32 317 290 376 peculiares:
316 313 509 368 singulis
538 313 708 356 scilicet
731 315 889 357 diebus
921 330 943 370 3
983 320 1114 361 Pater
1142 325 1186 360 et
1216 321 1318 363 Aue
1347 322 1402 362 ad
1432 322 1648 364 honorem

31 381 128 424 8²³⁶
150 373 399 425 Trinitatis;
428 383 450 426 5
479 373 613 415 Pater
641 381 686 414 et
721 374 823 416 Aue
852 375 906 415 ad
937 378 1149 418 honorem
1182 379 1380 433 quinque
1414 381 1650 422 vulnerum

30 437 145 488 Xri.;
171 442 215 477 et
239 445 263 487 7
284 435 419 476 Pater
441 441 486 474 et
509 432 612 475 Aue
629 432 685 473 ad
708 432 1039 486 impetrandum
1063 437 1332 479 electoribus
1349 439 1573 492 generalis
1593 442 1650 492 (vt

31 497 85 540 sit
107 501 182 538 2.¹¹¹
204 507 282 534 cor
304 491 606 556 Dei)·septem
630 491 748 531 dona
774 492 970 545 Spiritus
999 495 1154 537 Sancti
1183 512 1207 538 a
1238 498 1309 539 S.³
1333 491 1550 539 Trinitate
1573 513 1650 553 per

31 552 326 599 sacratissima
349 563 550 604 qumque
572 550 757 591 vulnera
781 549 838 593 D.
866 553 920 593 N.
946 553 1042 595 Iesu
1065 554 1162 597 Xri.
1185 556 1361 598 Interim
1383 557 1651 611 permittitur

27 611 262 666 vnicuique
296 616 482 652 fratrum
513 616 688 650 tantum
721 623 849 653 orare
882 611 978 653 istis
1010 612 1168 655 diebus
1201 621 1298 666 4⁰¹,
1335 615 1548 657 vocaliter
1583 616 1649 658 vel

30 671 294 720 mentaliter,
316 677 535 724 quantum
560 668 751 722 quisque
774 670 882 711 vult.

115 730 324 773 Infirmus
346 735 442 770 erat
462 729 514 770 P.
537 727 825 770 Laurentius

115 802 170 846 29
192 788 326 831 huius
350 785 590 830 intermisit
615 786 864 828 conciones
894 788 944 831 R.
976 788 1023 830 P.
1054 789 1235 843 Laynez
1266 791 1310 832 in
1341 791 1411 833 die
1440 792 1521 835 SS.
1548 807 1651 847 apo-

29 850 240 894 stolorum
268 846 390 890 Petri
413 853 458 889 et
482 845 611 888 Pauli
640 859 750 894 curn,
771 846 903 887 laude
932 861 1112 901 magna,
1139 848 1294 892 dicens
1324 852 1376 893 R.
1404 852 1456 892 P.
1483 852 1649 894 Salme·

32 923 180 952 ronem
202 907 395 962 posthac
418 905 808 947 concionaturum.
836 905 999 947 Factae
1027 914 1132 947 sunt
1164 907 1359 950 interdiu
1390 909 1653 964 disciplinae

29 975 74 1013 et
95 966 260 1011 ieiunia
285 973 375 1007 tam
398 964 519 1006 domi
543 978 676 1018 quam
709 963 752 1005 in
783 965 992 1019 collegio.
1026 966 1161 1007 Venit
1190 967 1244 1008 ad
1274 968 1513 1022 collegium
1543 983 1649 1023 ger-

33 1027 251 1069 manicum
287 1024 557 1067 Franciscus
591 1023 886 1073 tornacensis,
922 1033 1000 1076 4⁰¹
1029 1039 1189 1067 aureos
1222 1027 1277 1067 ad
1300 1041 1499 1070 mensem
1533 1029 1650 1069 solu-

34 1095 174 1129 turus,
664 1101 667 1107 i

618 1185 680 1214 DE
714 1184 874 1213 MENSE
905 1184 1045 1223 JULIO

114 1264 264 1307 Primo
287 1261 422 1304 huius
450 1261 620 1302 fiebant
648 1260 800 1302 adhuc
829 1259 1106 1314 disciplinae,
1131 1261 1517 1305 distribuebantur
1548 1277 1651 1305 con-

32 1324 267 1369 clusiones.

113 1382 349 1426 Habuerat
371 1378 595 1421 somnium
620 1379 672 1421 R.
703 1379 755 1420 P.
781 1377 1078 1421 Sebastianus
1106 1379 1226 1432 quod
1252 1381 1302 1422 P.
1330 1380 1510 1435 Laynez
1533 1390 1651 1423 esset

29 1441 264 1500 generalis,
291 1439 503 1495 quodque
526 1437 628 1480 sinu
653 1439 705 1480 P.
733 1436 957 1491 Ignatium
990 1438 1148 1479 beatae
1171 1439 1409 1481 memoriae
1432 1448 1646 1495 gestaret.

115 1503 180 1545 2.⁰
203 1499 341 1542 huius
369 1505 549 1541 creatus
577 1504 646 1540 est
675 1495 902 1551 generalis
932 1497 1212 1551 praepositus
1241 1498 1476 1541 Societatis
1508 1500 1647 1553 pluri-

31 1575 196 1604 morum
222 1561 407 1601 Patrum
432 1571 658 1599 consensu
682 1563 726 1599 et
758 1556 895 1597 totius
919 1555 1070 1610 populi
1094 1557 1403 1611 expectatione
1427 1559 1480 1600 R.
1510 1560 1560 1601 P.
1588 1558 1651 1600 Ia-

28 1621 165 1663 cobus
188 1621 370 1674 Laynez
387 1616 508 1659 circa
529 1617 687 1658 horam
714 1623 833 1669 13:³¹n
852 1616 986 1658 Mane
1009 1616 1063 1657 ad
1086 1617 1241 1657 horam
1260 1624 1356 1672 9:³³¹
1375 1617 1540 1659 fecerat
1558 1617 1653 1672 ipse

31 1689 238 1734 tanquam
272 1676 468 1719 vicarius
500 1689 696 1726 sacrum,
734 1675 777 1716 in
813 1689 902 1728 quo
934 1689 1090 1717 omnes
1125 1676 1312 1730 professi
1346 1676 1648 1718 communica-

31 1739 147 1781 bant.
174 1739 279 1794 Quo
301 1736 422 1779 dicto
445 1749 601 1777 omnes
623 1734 968 1776 deducebantur
996 1734 1293 1788 praecedente
1322 1749 1458 1778 cruce
1482 1743 1524 1778 et
1549 1750 1651 1778 can-

31 1798 224 1841 tantibus
243 1795 456 1838 fratribus
477 1794 620 1837 «Veni
639 1794 855 1837 Creator»
883 1795 939 1835 ad
959 1795 1107 1835 locum
1131 1794 1376 1836 electionis.
1406 1795 1510 1837 Inde
1533 1809 1652 1838 rece-

29 1857 183 1901 dentes
233 1857 395 1898 fratres
438 1854 685 1896 cantabant
729 1853 936 1906 letanias,
977 1860 1021 1895 et
1059 1853 1219 1895 deinde
1262 1854 1653 1896 communicabant

29 1931 194 1960 omnes.
223 1917 388 1958 Postea
410 1927 518 1955 vero
539 1913 684 1955 oratio
707 1913 843 1955 fiebat
864 1912 1079 1953 continua
1103 1926 1127 1953 a
1151 1912 1362 1953 fratribus
1384 1913 1428 1953 in
1449 1927 1524 1955 sex
1543 1914 1652 1955 clas-

32 1990 98 2020 ses
119 1974 370 2018 distributis
392 1974 535 2015 donec
558 1980 677 2015 esset
700 1973 888 2014 electus.
920 1972 1046 2013 Intus
1069 1985 1176 2012 vero
1210 1971 1401 2025 primum
1432 1972 1654 2015 faciebant

31 2035 271 2078 orationem
295 2046 452 2076 omnes
477 2033 635 2074 Patres
658 2031 714 2073 ad
738 2032 900 2073 Deum.
929 2030 1104 2072 Deinde
1128 2031 1351 2085 publicam
1371 2031 1529 2073 habuit
1552 2046 1653 2073 con-

30 2093 200 2138 cionem
223 2092 406 2136 latinam
434 2094 484 2135 P.
512 2091 740 2134 canisius.
768 2092 924 2144 Atque
948 2100 1040 2131 tum
1078 2090 1247 2131 factum
1279 2099 1346 2132 est
1370 2090 1651 2132 scrutinium:

30 2153 195 2197 electus
218 2161 286 2195 est
315 2154 368 2195 R.
403 2152 454 2195 P.
487 2151 677 2193 Iacobus
708 2151 903 2204 Laynez.
939 2149 1121 2191 Pulsata
1153 2157 1219 2192 est
1249 2149 1410 2192 deinde
1439 2163 1654 2204 campana

31 2213 199 2265 domus,
226 2220 269 2256 et
292 2225 449 2255 omnes
477 2209 803 2252 conuenientes
835 2208 1120 2251 deduxerunt
1151 2208 1374 2261 professos
1403 2217 1446 2250 et
1469 2223 1651 2263 genera-

32 2272 112 2316 lem
135 2273 190 2315 ad
214 2272 447 2326 templum,
474 2276 519 2313 et
540 2270 785 2312 cantabant
812 2267 1114 2311 «Benedictus
1142 2268 1364 2309 Dominus
1393 2269 1542 2309 Deus»
1564 2276 1649 2310 etc.

31 2342 73 2374 et
98 2332 188 2375 «Te
212 2332 359 2374 Deum
382 2329 664 2373 laudamus».
694 2329 800 2384 Quo
829 2328 966 2380 dicto,
993 2326 1146 2368 vltimo
1169 2341 1325 2369 omnes
1351 2328 1508 2368 fratres
1530 2341 1653 2381 prae-

32 2390 159 2444 positi
182 2404 341 2433 manus
363 2388 742 2432 exosculabantur
766 2388 809 2429 in
833 2386 1059 2429 cubiculo,
1083 2386 1303 2427 Externos
1323 2393 1470 2426 autem
1492 2387 1654 2440 ample—

32 2450 231 2502 xabatur,
257 2464 348 2491 non
376 2449 533 2491 volens
561 2455 609 2489 vt
638 2447 952 2489 oscularentur
976 2459 1150 2487 manus.
1178 2445 1347 2487 Aderat
1372 2446 1491 2485 R.m⁰⁵
1514 2445 1652 2486 cardi-

33 2509 140 2551 nalis
164 2510 353 2558 Paceco,
380 2516 594 2562 tanquam
618 2506 835 2549 assistens
858 2506 1019 2547 missus
1043 2519 1067 2545 a
1091 2518 1218 2558 papa,
1246 2503 1320 2556 qui
1345 2504 1653 2546 vehementem

32 2568 252 2623 accipiens
273 2567 649 2619 aedificationem,
673 2566 882 2607 narrabat
900 2565 1017 2606 nolle
1036 2577 1192 2618 papam
1213 2561 1452 2615 quicquam
1478 2563 1651 2604 liberta—

34 2625 88 2669 tis
107 2627 191 2669 illis
213 2627 426 2678 adimere;
451 2626 540 2668 imo
561 2626 673 2668 velle
691 2632 738 2666 vt
762 2639 851 2666 non
875 2624 1075 2665 valerent
1095 2630 1197 2663 vota
1217 2622 1486 2675 absentium,
1516 2629 1561 2662 vt
1579 2635 1652 2676 po·

34 2684 118 2728 tius
140 2695 383 2742 perpetuus
404 2693 523 2728 esset
546 2683 774 2739 generalis
799 2697 932 2737 quam
959 2689 1288 2735 temporaneus,
1314 2681 1434 2733 quod
1456 2680 1542 2721 iarn
1578 2694 1655 2721 no-

34 2744 109 2786 stri
130 2745 474 2788 constituerant.
502 2744 632 2787 Velle
661 2758 708 2786 se
732 2756 914 2797 quoque
944 2740 1213 2795 peculiarem
1247 2741 1425 2780 Patrem
1455 2754 1552 2781 esse
1576 2740 1655 2782 So-

34 2802 203 2847 cietatis
220 2812 265 2848 et
286 2811 516 2860 praestare
539 2803 858 2857 quodcumque
875 2807 1042 2856 posset,
1065 2798 1167 2853 quia
1185 2797 1390 2839 videlicet
1408 2798 1654 2852 optime-in-

36 2862 267 2906 formatum
291 2879 339 2907 se
362 2863 540 2905 dicebat
559 2863 679 2916 quod
699 2860 938 2905 Societatis
956 2866 1137 2900 nostrae
1157 2856 1394 2912 [homines]
1419 2857 1656 2898 vehemen-

30 2928 99 2980 ‚ter
121 2929 461 2979 propugnarent
485 2921 750 2977 religionem
782 2918 1049 2961 catholicam
1081 2917 1193 2958 inter
1225 2915 1443 2966 infideles,
1469 2917 1656 2957 haereti—

34 2993 124 3034 cos,
155 2989 199 3024 et
232 2983 342 3024 alios
372 2994 698 3037 quoscumque.
734 2981 853 3023 Laus
882 2979 979 3020 Deo
1009 2976 1119 3030 Opt.
1154 2977 1274 3019 Max.
1309 2973 1383 3028 qui
1416 2988 1657 3029 numquam

209 3058 365 3086 PonAncr
379 3057 722 3086 oouPLEMENTA.—T.
733 3057 766 3084 Π
1484 3052 1518 3078 40

11 3063 15 3134 l
805 3110 807 3113 ,

11 3138 18 3292 ἶ
1571 3134 1585 3152 s
