1891 3292
261 166 331 202 700
769 156 957 191 POLANCI
983 165 1299 191 COMPLEMENTA

214 267 283 301 tur
307 264 486 312 propter
528 256 871 311 occupationem
904 256 1143 311 remigum,
1170 271 1221 299 ac
1250 256 1440 298 militum
1469 264 1513 298 et
1542 256 1831 311 reliquorum.

305 328 370 358 12.
436 316 559 357 Ante
596 329 729 368 quam
770 317 820 358 P.
863 315 1048 357 Curtius
1085 329 1188 358 cum
1226 315 1361 357 sociis
1399 315 1756 369 proficisceretur
1791 317 1836 360 in

212 375 421 428 Galliam,
448 373 776 428 professionem
801 387 825 427 3
848 382 1053 416 votorum
1082 374 1366 427 solemnium,
1399 387 1501 415 cum
1534 375 1607 415 P.e
1636 375 1834 418 Lauren·
1888 402 1890 431 ᾗ

212 435 274 475 tio
298 433 507 483 Amodei,
550 433 702 486 fratre,
730 432 892 484 emisit;
928 442 971 475 et
995 433 1021 474 6
1049 433 1120 474 alii
1153 434 1309 475 fratres
1337 433 1381 474 in
1415 433 1698 475 coadiutores
1728 440 1834 476 tem-
1890 463 1891 466 η

214 493 391 546 porales
427 492 641 533 formatos
672 500 778 533 sunt
806 491 1004 534 admissi.
1056 494 1118 534 At
1147 493 1364 543 Thomas,
1395 492 1575 545 anglus,
1609 492 1836 547 Georgius

212 549 469 603 leodiensis,
490 550 702 592 X.0forus
719 551 1040 605 Compostella,
1061 552 1249 594 Ioannes
1271 550 1438 592 Paulus
1462 550 1587 600 Nuti,
1610 560 1662 603 25
1690 551 1836 593 Martii

214 610 348 651 trium
373 617 579 650 votorum
626 609 946 664 professionem
971 609 1216 652 emiserunt
1240 610 1285 650 in
1318 609 1525 651 manibus
1550 608 1696 650 Patris
1720 610 1834 653 Eue-

214 668 333 710 rardi
358 667 687 724 Marcuri[ani],
711 675 758 709 vt
782 668 945 710 deinde
973 669 1025 709 ad
1056 682 1207 710 sacros
1238 669 1418 710 ordines
1447 676 1834 722 promouerentur.

213 730 408 770 Demum
433 728 552 781 apud
583 728 630 770 S.
665 728 895 770 Andream
925 727 952 768 ὁ
980 726 1052 769 alii
1081 727 1125 768 in
1156 727 1440 769 coadiutores
1470 726 1736 780 temporales
1765 728 1835 769 ad-

214 786 337 827 missi
378 786 578 827 fuerunt.
621 787 676 827 Et
715 786 1001 840 postmodum
1035 794 1190 828 secuta
1221 793 1289 827 est
1323 784 1539 840 professio
1571 797 1599 837 4
1633 791 1838 829 votorum

216 847 265 888 P.
296 844 531 887 Benedicti
556 846 737 895 Perera,
763 851 806 885 et
831 846 886 887 D.
914 844 1184 886 Ferdinandi
1206 853 1220 869 ²
1242 845 1298 888 de
1321 846 1497 895 Torres‚
1522 857 1574 885 ac
1598 843 1838 886 Ferdinan-

213 904 257 946 di
281 903 424 947 Solier
448 903 492 944 in
516 903 723 944 manibus
750 904 895 945 Patris
919 903 1058 945 nostri
1082 903 1336 958 praepositi.
1371 903 1584 945 Eamdem
1610 904 1661 944 Ρ.
1689 904 1835 945 Anto-
1890 930 1891 936 =

213 963 315 1005 nius
342 961 619 1004 Posseuinus
641 962 713 1004 die
737 972 789 1015 25
815 962 911 1004 Iulii
935 970 970 987 ³³
992 962 1154 1005 emisit.

309 1033 373 1075 13.
441 1023 664 1075 Tempore
693 1021 1102 1076 quadragessimae,
1134 1034 1162 1074 4
1190 1020 1451 1064 confessarii
1480 1020 1535 1062 ad
1565 1019 1671 1062 Diui
1704 1019 1837 1072 Petri,
1890 1012 1891 1052 l

217 1093 240 1123 2
266 1081 321 1122 ad
348 1082 398 1123 Β.
433 1080 601 1123 Mariae
631 1079 826 1130 Maioris,
862 1092 885 1122 2
916 1081 971 1121 ad
1000 1081 1055 1122 D.
1089 1080 1318 1122 Laurentii
1348 1079 1392 1120 in
1421 1081 1633 1129 DamasQ
1666 1085 1840 1133 praeter

215 1154 292 1182 eos
315 1139 391 1193 qui
415 1139 580 1180 nostris
602 1139 645 1179 in
668 1139 876 1180 domibus
894 1139 938 1180 in
956 1153 1009 1181 eo
1028 1139 1272 1181 ministerio
1293 1138 1647 1193 occupabantur,
1669 1138 1838 1179 confes·
1890 1193 1891 1196 Ἴ

216 1199 365 1241 siones
387 1198 643 1241 audierunt.

313 1269 378 1310 14.
444 1258 542 1300 Sub
576 1257 710 1299 finem
741 1256 923 1310 Aprilis,
955 1256 1227 1298 instantibus
1255 1255 1425 1311 reginis
1452 1269 1569 1309 quae
1599 1253 1857 1308 Oeniponti*

217 1323 468 1368 versantur,
494 1323 538 1358 et
560 1315 801 1358 archiduce
824 1315 1124 1369 Ferdinando,
1151 1315 1390 1369 collegium
1414 1315 1486 1356 vel
1507 1314 1667 1355 domus
1686 1314 1839 1367 proba·
1890 1330 1891 1338 ¹

222 1375 356 1417 tionis
380 1375 523 1417 Halae
546 1381 614 1416 est
638 1374 846 1426 admissa;
880 1375 1163 1428 postmodum
1194 1375 1375 1415 domum
1395 1380 1438 1415 et
1463 1372 1697 1415 ecclesiam
1725 1371 1837 1429 [sic],

219 1448 351 1488 quam
376 1434 582 1476 viuentes
610 1433 794 1475 eaedem
833 1433 1032 1487 reginae,
1074 1433 1117 1474 in
1140 1448 1266 1475 vsum
1291 1447 1423 1474 suum
1446 1441 1571 1474 erant
1594 1431 1840 1484 habiturae,
1890 1446 1891 1449 ¹

219 1493 283 1536 eis
311 1492 635 1535 decedentibus
672 1492 886 1535 Societati
924 1493 1098 1534 oblatae
1130 1500 1173 1534 et
1205 1493 1395 1534 donatae
1428 1492 1482 1532 ab
1516 1491 1682 1532 eisdem
1716 1496 1836 1542 sunt;

218 1552 396 1593 interim
419 1559 569 1593 autem
594 1551 699 1592 dum
724 1552 901 1603 viuunt,
928 1552 1010 1592 alia
1034 1552 1193 1592 domus
1215 1550 1378 1592 nostris
1401 1556 1469 1591 est
1492 1549 1736 1604 assignata.

314 1620 380 1664 15.
450 1610 542 1652 Viri
578 1609 841 1651 nobilissimi
876 1610 971 1651 Iulii
1011 1610 1161 1652 Vrsini
1195 1609 1415 1663 reductio,
1456 1617 1499 1651 et
1539 1622 1658 1649 mors
1696 1605 1841 1649 >niano
1890 1647 1891 1650 ,

219 1670 372 1723 digna,
400 1684 489 1710 non
515 1684 670 1724 parum
699 1670 784 1710 hoc
814 1676 1013 1723 tempore
1042 1669 1367 1711 aedificationis
1390 1667 1554 1719 attulit,
1585 1681 1687 1709 cum
1712 1680 1844 1721 opera
1890 1678 1891 1682 ’

221 1729 454 1771 Cuiusdam
489 1743 545 1771 ex
569 1728 735 1769 nostris
757 1728 869 1770 adeo
893 1727 1078 1769 mirifice
1101 1728 1280 1769 adiutus
1305 1727 1451 1769 fuerit.

320 1787 386 1829 16.
458 1789 510 1829 P.
566 1787 795 1829 Antonius
826 1787 1099 1828 Posseuinus
1127 1786 1469 1841 applicationem
1503 1797 1587 1826 200
1628 1796 1668 1832 V
1711 1785 1844 1828 annui

221 1846 423 1888 redditus
448 1861 471 1887 a
496 1846 709 1900 pontifice
739 1859 818 1900 pro
847 1846 1037 1899 collegio
1066 1845 1344 1887 auinionensi
1377 1844 1649 1898 impetrauit,
1686 1851 1731 1886 et
1764 1844 1844 1886 a‘lia

223 1919 313 1946 non
338 1919 481 1959 pauca
505 1919 607 1946 cum
632 1919 689 1947 eo
718 1905 773 1945 ad
797 1918 1036 1945 commune
1058 1905 1224 1960 bonurn
1254 1903 1486 1956 transegit.
1509 1947 1521 1956 l

315 1975 382 2016 17.
450 1965 566 2006 Cum
604 1963 647 2004 in
687 1963 1071 2017 quadragessima,
1120 1964 1164 2005 in
1203 1963 1367 2018 oppido
1399 1963 1445 2006 S.
1482 1961 1676 2016 Spiritus
1709 1975 1845 2016 prope

224 2023 511 2065 Auenionem
539 2025 583 2064 P.
623 2024 785 2064 Petrus
808 2021 979 2075 Xfinus,
1021 2023 1382 2073 concionaretur,
1418 2020 1544 2062 multi
1574 2020 1762 2063 heretici
1794 2020 1847 2062 ad

223 2081 358 2124 fidem
383 2082 650 2123 catholicam
681 2081 908 2131 conuersi,
940 2081 1155 2123 ecclesiae
1185 2080 1458 2124 reconciliati
1488 2086 1608 2131 sunt;
1641 2089 1683 2123 et
1713 2077 1846 2133 aliqui

222 2153 277 2181 ex
298 2155 453 2182 eorum
498 2154 688 2182 numero
711 2139 889 2194 publice
913 2140 1225 2183 concionando
1253 2139 1518 2181 catholicam
1550 2138 1748 2181 docuere
1776 2152 1846 2180 ve-

224 2199 418 2243 ritatem.

318 2259 384 2300 18.
451 2259 567 2300 Cum
591 2271 795 2299 summus
820 2257 1022 2311 pontifex
1051 2258 1107 2299 ad
1132 2257 1275 2299 Biblia
1305 2256 1601 2306 emendanda,
1629 2263 1673 2298 et
1701 2268 1846 2297 veram

226 2317 458 2372 vulgatam
481 2316 751 2359 aeditionem
781 2315 1082 2369 deligendam,
1116 2316 1365 2357 cardinales
1393 2315 1563 2368 aliquot
1593 2328 1773 2369 graues,
1800 2327 1847 2355 ac

227 2377 464 2430 theologos
486 2376 787 2429 designasset,
815 2375 929 2416 duos
952 2389 1006 2416 ex
1030 2375 1192 2417 nostris
1217 2390 1294 2429 per
1316 2373 1585 2416 cardinalem
1616 2375 1847 2415 Moronum

226 2435 271 2475 in
305 2449 356 2477 ea
390 2434 753 2489 congregatione
787 2448 885 2476 esse
918 2433 1077 2485 voluit3
1114 2442 1157 2476 et
1192 2435 1285 2476 ΡΡ;
1318 2433 1535 2474 Emanuel
1564 2441 1608 2473 et
1640 2434 1792 2484 Parra,
1825 2444 1849 2471 a

229 2494 297 2535 pf
332 2501 485 2535 nostro
518 2492 753 2542 nominati,
789 2507 842 2535 eo
879 2500 984 2534 sunt
1022 2493 1170 2534 officio
1210 2507 1311 2534 cum
1345 2506 1510 2546 magna
1543 2490 1849 2532 satisfactione

225 2552 467 2606 perfuncti.

319 2623 383 2666 19.
451 2611 534 2653 Die
561 2609 636 2653 Sssi
666 2611 802 2654 Marci
828 2617 1088 2652 contractus
1111 2609 1291 2663 collegii
1316 2607 1599 2664 dilingensis,
1626 2607 1743 2648 domi
1768 2620 1845 2648 no-

225 2676 358 2720 strae,
387 2669 698 2724 praesentibus
721 2669 932 2711 cardinali
962 2677 1231 2723 augustano,
1261 2682 1312 2709 ac
1344 2670 1417 2709 Ρ.ε
1446 2674 1599 2709 nostro
1632 2663 1846 2721 generali,

225 2736 269 2768 et
292 2729 406 2781 aliis,
434 2736 535 2783 post
557 2729 920 2771 reformationem
944 2728 1041 2770 eius
1063 2728 1344 2782 diligentem,
1370 2727 1611 2780 stipulatus
1634 2733 1719 2768 est.

316 2800 385 2829 20.
454 2789 504 2829 P.
535 2789 696 2830 Petrus
720 2788 777 2830 de
819 2788 1133 2840 Ribadeneyra
1155 2800 1258 2827 cum
1287 2785 1409 2827 socio
1442 2787 1489 2827 Ρ.
1521 2784 1683 2825 Iacobo
1715 2785 1850 2825 Basso

300 2939 313 2954 2
365 2930 431 2963 Sic
450 2941 520 2964 ms.
543 2929 727 2966 Polanci:
746 2930 812 2963 sed
830 2929 915 2963 alia
936 2939 1093 2969 manuS,
1114 2928 1304 2962 subducta
1322 2927 1411 2961 huic
1433 2925 1586 2960 nomini
1605 2925 1725 2966 linea,
1754 2924 1849 2957 recte
1890 2924 1891 2930 ¹

228 2982 351 3023 supra
364 2977 522 3021 scripsit
539 2975 746 3011 Francisci.
801 2986 882 3003 —aa
906 2976 1039 3009 Etiam
1054 2976 1128 3016 hic,
1147 2975 1271 3009 simili
1282 2977 1410 3020 pacto,
1427 2973 1698 3007 emendatum:
1717 2979 1731 3005 1
1750 2967 1849 3014 Maji.
