1891 3292
243 209 312 254 580
746 208 933 242 POLANCI
960 215 1277 242 COMPLEMENTA

287 322 340 351 20
363 309 496 351 huius
520 309 676 351 decem
701 307 774 348 alii
799 307 853 349 ad
872 307 1114 361 collegium
1133 315 1371 359 venerunt;
1399 307 1459 350 ita
1477 315 1523 349 vt
1547 315 1640 350 tum
1665 323 1818 353 nume-

194 382 291 410 rum
315 368 611 410 centesimum
629 366 974 421 attingeremus.
998 367 1232 409 Venerunt
1255 373 1405 409 autem
1424 367 1631 421 sequenti
1655 367 1726 410 die
1743 369 1817 411 do-

196 441 316 468 mum
339 435 425 479 4⁰1
446 425 648 468 Perusia.

283 496 337 527 22
362 492 406 527 et
430 496 484 538 23
508 484 643 525 huius
665 482 1010 537 diligentissime
1032 483 1285 525 iniunctum
1311 483 1441 524 nobis
1463 492 1531 525 est
1553 499 1578 526 a
1598 485 1649 526 R.
1674 485 1722 526 P.
1742 499 1817 527 no-

195 551 286 586 stro
310 543 507 598 Ignatio,
539 550 585 583 vt
613 542 792 584 assidue
822 556 901 596 pro
930 555 1109 583 summo
1134 541 1345 596 pontifice
1370 543 1583 584 Marcello
1611 544 1819 598 depreca-

197 616 360 652 remur,
388 602 463 656 qui
487 608 581 643 tum
606 601 650 642 in
674 601 878 642 morbum
898 600 1132 643 inciderat:
1154 600 1251 642 eius
1269 615 1464 654 namque
1481 601 1669 644 salutem
1688 616 1837 656 quam,

194 661 383 703 maxime
406 661 618 703 credebat
637 660 935 701 necessariam
959 659 1040 701 toti
1059 659 1332 714 reipublicae
1349 659 1639 704 christianae.
1659 661 1819 704 Susce-

193 727 354 775 petunt
377 719 517 774 igitur
539 721 623 760 hac
647 719 702 760 de
726 732 862 760 causa
886 718 1298 773 peregrinationem
1316 719 1565 760 loretanam
1585 720 1639 763 R.
1662 721 1713 761 P.
1737 720 1819 762 Po·

195 780 350 820 lancus
373 792 474 820 cum
497 778 589 819 don
607 777 756 831 Diego
773 776 962 820 iuniore.
984 778 1094 819 Item
1114 779 1166 819 R.
1184 779 1234 819 P.
1249 777 1466 831 Aloysius
1483 778 1701 820 Gonzalis
1719 791 1819 820 cum

197 840 252 879 D.
280 837 478 880 LuardO.
510 835 823 879 Constitutum
853 835 988 877 etiam
1017 843 1086 878 est
1114 843 1162 877 vt
1185 850 1241 878 ex
1271 835 1483 877 fratribus
1513 836 1718 890 reliquis,
1745 851 1820 879 sex

197 895 397 950 quotidie
420 910 474 938 ex
498 895 714 949 collegio,
749 902 793 936 et
823 893 1008 937 totidem
1041 895 1175 938 etiam
1198 909 1254 936 ex
1276 895 1413 936 domo
1441 895 1617 937 schalas
1645 901 1822 938 sanetas

196 955 315 1009 apud
338 955 384 998 S.
412 956 624 997 Ioannem
648 955 977 996 lateranensem
1001 967 1106 995 curn
1129 953 1390 1005 deuotione,
1416 967 1497 1008 pro
1520 955 1682 996 summi
1705 967 1818 1010 pon—

197 1013 329 1055 tificis
351 1015 495 1055 salute
518 1013 893 1055 conscenderent.

287 1083 340 1125 27
365 1071 535 1126 Aprilis
557 1079 605 1112 vt
630 1071 856 1126 peregrini
884 1070 1126 1125 collegium
1156 1070 1339 1113 exibant
1362 1067 1456 1127 [sic]
1480 1071 1637 1113 doctor
1661 1073 1823 1117 Torres

196 1138 240 1173 et
263 1132 352 1173 don
377 1130 650 1180 Theotonio,
682 1137 726 1172 et
749 1129 959 1171 omnibus
982 1129 1188 1171 salutatis
1221 1129 1434 1171 fratribus
1463 1131 1740 1184 putabantur
1762 1132 1823 1175 ire

198 1191 437 1240 Loretum,
469 1196 513 1231 et
544 1203 645 1231 mox
674 1189 837 1230 deinde
861 1188 1052 1241 reuersi,
1082 1189 1226 1230 solum
1258 1190 1619 1232 conscenderant
1647 1191 1825 1233 schalas

199 1251 254 1291 D.
281 1248 459 1290 Ioannis
483 1247 791 1290 lateranensis.

289 1321 342 1361 30
366 1307 501 1349 huius
529 1307 667 1349 veluti
696 1306 968 1348 lachrimans
997 1320 1080 1348 nos
1102 1305 1425 1348 exhortabatur
1456 1308 1508 1349 R.
1542 1309 1594 1350 P.
1623 1309 1824 1351 Olaueus

197 1373 240 1407 vt
280 1381 359 1421 pro
404 1380 579 1408 summo
616 1366 828 1420 pontifice
859 1365 1061 1420 grauiter
1088 1371 1353 1419 aegrotante
1383 1379 1692 1420 precaremur,
1718 1381 1823 1408 con—

198 1426 365 1468 cedens
389 1425 599 1466 omnibus
628 1425 888 1466 facultatem
918 1423 1281 1466 communicandi
1311 1423 1408 1478 ipso
1436 1424 1508 1467 die
1531 1426 1579 1469 S.
1606 1426 1824 1480 apostolo-

201 1498 296 1524 rum
329 1484 523 1539 Philippi
556 1490 600 1526 et
634 1484 800 1525 Iacobi.
834 1486 1043 1526 Mortuus
1070 1497 1175 1525 vero
1207 1489 1275 1525 est
1311 1483 1566 1527 felicissime
1595 1491 1729 1526 nocte
1761 1498 1820 1527 Se-

200 1543 355 1596 quenti
378 1543 496 1585 circa
520 1550 623 1595 7.ΜΠ
648 1543 793 1584 noctis
816 1544 969 1584 horam
995 1550 1231 1597 postquam
1255 1541 1444 1584 sedisset
1473 1551 1563 1586 tres
1586 1544 1824 1586 hebdoma—

201 1601 296 1655 das,
323 1610 366 1644 et
391 1616 602 1655 magnam
628 1603 806 1643 futurae
830 1600 1163 1644 reformationis
1185 1615 1310 1654 spem
1337 1601 1707 1646 demonstrasset.

291 1672 314 1702 2
342 1661 446 1703 Maii
471 1663 661 1702 Romam
685 1661 807 1703 venit
831 1662 882 1702 R.
905 1662 955 1703 P.
984 1661 1234 1703 Salmeron.

295 1732 345 1772 14
398 1720 601 1762 eiusdem
651 1734 705 1762 ex
758 1720 973 1762 loretana·
1012 1718 1379 1774 peregrinatione
1431 1719 1545 1761 salui
1599 1721 1826 1764 redierunt

203 1779 253 1819 R.
284 1779 335 1821 P.
371 1779 596 1820 Polancus
625 1786 668 1821 et
698 1779 927 1830 Luardus3
963 1778 1012 1820 16
1044 1792 1149 1820 vero
1178 1777 1394 1832 Aloysius
1421 1779 1639 1821 Gonzalis
1668 1787 1712 1823 et
1741 1781 1826 1822 don

202 1836 365 1891 Diego.

296 1907 345 1948 17
370 1895 570 1937 eiusdem
595 1897 783 1938 Romam
809 1895 932 1937 venit
956 1897 1008 1937 R.
1039 1897 1091 1938 P.
1112 1896 1340 1950 Layenez.

291 1965 344 1996 22
370 1954 570 1996 eiusdem
595 1956 650 1997 ad
680 1954 926 2009 collegium
956 1962 1179 1996 venerunt
1211 1956 1261 1996 P.
1294 1955 1383 1996 don
1413 1955 1560 2010 Diego
1589 1970 1690 1998 cum
1722 1969 1825 2009 quo-

203 2014 304 2055 dam
329 2013 429 2055 alio.

293 2083 346 2125 23
372 2072 475 2114 Maii
501 2073 621 2126 quod
639 2078 733 2114 erat
754 2072 915 2114 festum
936 2071 1247 2127 Ascensionis,
1268 2072 1311 2113 in
1331 2087 1555 2115 summum
1573 2073 1827 2128 pontificem

204 2131 375 2173 electus
414 2139 481 2173 est
511 2130 914 2173 reverendissimus
943 2130 1180 2172 cardinalis
1213 2132 1551 2186 neapolitanus,
1594 2132 1828 2187 episcopus
1889 2181 1891 2191 γ

207 2189 436 2232 theotinus
463 2188 562 2246 [sic]
593 2190 667 2243 qui
691 2190 734 2230 in
758 2190 1048 2231 coronatione
1074 2190 1243 2231 Paulus
1267 2190 1324 2231 IV
1348 2191 1496 2232 dictus
1524 2199 1607 2233 est.
1642 2191 1829 2233 Dicebat
1890 2238 1891 2246 ἵ

205 2249 257 2289 R.
288 2249 339 2289 P.
366 2256 522 2291 noster
544 2263 622 2303 per
645 2262 723 2290 sex
745 2249 811 2290 vel
837 2259 860 2300 7
885 2248 978 2290 dies
1002 2248 1117 2289 serio
1139 2263 1187 2290 se
1206 2250 1433 2303 cogitasse
1462 2250 1583 2303 quod
1605 2250 1825 2293 neminem

203 2306 375 2350 videret
399 2307 617 2362 aptiorem
641 2309 726 2348 hoc
757 2316 956 2361 tempore
984 2307 1039 2348 ad
1069 2307 1288 2350 ecclesiae
1311 2309 1672 2351 reformationem
1698 2322 1827 2364 quam

203 2366 343 2416 hunc,
370 2372 414 2407 et
437 2373 673 2420 propterea
696 2366 808 2408 adeo
831 2380 878 2407 se
901 2365 1199 2408 exhilaratum
1223 2381 1323 2410 esse
1352 2381 1489 2421 quum
1515 2368 1730 2410 nuncium
1754 2381 1828 2409 au·
1888 2366 1891 2412 l

203 2424 333 2479 diret,
359 2431 403 2465 vt
428 2426 569 2466 multo
593 2432 797 2479 tempore
820 2439 911 2466 non
935 2425 1205 2479 persenserit
1228 2425 1372 2468 simile
1390 2427 1608 2481 gaudium
1626 2425 1645 2451 d
1663 2425 1677 2445 ⁴
1697 2426 1827 2469 Dixe-
1888 2445 1891 2484 7

204 2490 272 2524 rat
301 2497 483 2537 quoque
513 2484 733 2538 quaedam
768 2484 896 2538 virgo
927 2491 1082 2525 sancta
1118 2484 1237 2525 Patri
1267 2485 1356 2526 don
1386 2485 1535 2540 Diego
1573 2492 1618 2527 et
1641 2483 1829 2540 Aloysio
1888 2491 1890 2534 ξ

205 2542 421 2584 Gonzalis
457 2543 499 2583 in
530 2568 587 2573 ——
625 2569 679 2573 ——
717 2550 732 2567 ‘³
770 2542 921 2584 multis
949 2551 1053 2585 ante
1082 2542 1241 2585 diebus
1269 2557 1403 2598 quam
1425 2544 1684 2599 eligeretur,
1711 2546 1828 2586 hunc

205 2600 386 2642 omnino
410 2602 668 2655 pontificem
694 2603 804 2645 fore.
832 2602 951 2644 Laus
975 2603 1088 2644 Deo,

295 2670 349 2712 27
375 2660 507 2702 huius
532 2661 763 2703 Perusiam
785 2660 967 2702 iuerunt
998 2675 1053 2702 ex
1082 2661 1274 2715 collegio
1306 2661 1504 2704 Iudocus
1536 2660 1828 2705 bruxellensis
1887 2670 1889 2699 ὲ

207 2723 250 2760 et
274 2719 461 2761 Ioannes
484 2720 646 2774 gallus.

276 2819 294 2843 d
343 2819 452 2853 Haec
470 2820 552 2853 tria
574 2820 701 2860 verba,
723 2831 768 2854 ex
783 2822 962 2854 contextu
977 2823 1012 2853 et
1027 2830 1072 2853 ex
1087 2820 1252 2853 summis
1270 2820 1448 2865 apicibus
1461 2821 1708 2864 conjicimus:
1722 2822 1827 2856 char-

207 2866 247 2944 ιζῖι
265 2875 426 2917 coa-‘rosa
446 2870 512 2900 est.
567 2876 628 2893 —e
665 2867 843 2908 Verbum,
862 2866 905 2900 ob
923 2877 1126 2901 corrosam
1145 2867 1341 2911 chartam,
1360 2867 1460 2903 lectu
1479 2868 1656 2915 difficile:
1674 2869 1829 2904 videtur
1886 2880 1888 2896 ι

248 2922 370 2955 argln.

280 3005 292 3024 4
344 3005 402 3041 Cf.
425 3008 606 3043 Monum.
630 3009 780 3054 Ignat.,
802 3019 878 3042 ser.
900 3008 967 3052 43⁴,
990 3008 1019 3052 I,
1045 3008 1121 3053 198.
