1891 3292
246 202 315 237 330
744 202 930 236 POLANCI
957 210 1273 236 COMPLEMENTA

196 305 353 345 difetto
377 302 656 352 dell’ocehio,
683 302 752 343 del
778 309 898 344 resto
922 301 981 342 mi
1006 316 1085 356 par
1107 304 1296 345 sarebbe
1319 304 1458 344 molto
1492 304 1611 344 buon
1637 312 1816 358 sogget-
1876 329 1879 344 >

198 389 259 423 to,
287 382 340 421 Et
364 378 508 432 questi
536 377 669 419 Padri
693 379 777 419 che
798 378 875 431 qui
899 378 940 419 lo
963 392 1243 429 conoscono,
1270 394 1325 420 ne
1356 379 1708 422 riceuerebbono
1730 396 1817 423 non

198 470 306 510 poca
330 454 657 505 consolatione,
684 455 771 495 che
795 468 896 496 esso
920 462 1097 508 potesse
1120 469 1242 498 esser
1259 456 1508 507 consolato,
1528 464 1570 497 et
1593 441 1636 497 i⁸o
1659 470 1819 499 ancora
1876 452 1879 470 ²

198 548 272 587 per
296 546 419 573 amor
443 532 486 572 di
516 545 618 572 esso
640 538 684 572 et
713 530 757 571 di
779 531 896 581 loro,
923 532 1103 584 quando
1133 533 1172 571 la
1203 545 1307 572 cosa
1337 546 1515 585 paresse
1543 532 1587 572 di
1616 532 1820 587 maggior

196 608 380 650 seruitio
402 608 575 662 diuino,
602 615 646 648 et
664 621 757 648 non
781 608 1064 650 altramente.
1092 609 1261 649 D'altre
1284 610 1389 650 cose
1411 608 1440 648 il
1468 608 1611 650 Padre
1636 608 1817 662 prouin-
1877 605 1879 611 ’

196 684 307 725 ciale
331 685 464 726 credo
494 684 714 736 scriuera,
740 697 868 726 come
897 683 1087 727 sarebbe
1116 684 1160 724 di
1185 683 1287 737 quel
1311 691 1535 726 contratto
1558 684 1672 727 delle
1701 698 1816 737 case,
1876 739 1877 746 ἵ

196 768 285 802 etc.
314 761 375 802 La
399 760 667 801 ratification
691 759 734 800 di
758 760 921 813 quello,
946 769 989 802 et
1013 760 1055 801 di
1080 775 1167 802 una
1192 775 1294 803 casa
1316 761 1360 802 di
1385 768 1538 802 nostro
1557 761 1729 802 fratello
1746 762 1818 804 Ni·

195 838 322 878 colao
346 837 577 887 d’Amam,
605 838 645 879 la
668 837 771 890 qual
798 837 843 877 fu
865 838 1064 879 uenduta
1089 852 1166 892 per
1189 850 1325 880 censo
1348 837 1390 878 di
1411 837 1616 879 uintiuna
1638 851 1766 889 onza,
1786 838 1821 879 si
1875 821 1877 848 ³

195 915 423 968 aspettera
454 914 509 954 da
539 915 594 955 V.
632 916 699 965 P.‚
732 914 847 955 nelle
876 913 947 954 cui
978 921 1106 955 sante
1139 913 1329 955 orationi
1357 921 1401 955 et
1431 913 1639 955 sacrificii
1665 914 1821 955 humil-

198 998 350 1031 mente
375 989 477 1030 tutti
503 989 541 1030 ci
561 988 966 1039 raecomandiamo‚
999 996 1043 1030 et
1067 989 1382 1031 domandiamo
1407 1003 1488 1030 sua
1510 988 1812 1032 beneditione.
1874 1033 1877 1047 Ι

197 1065 252 1107 Di
279 1067 485 1108 Palermo
508 1066 536 1106 li
561 1078 667 1108 XIIII
693 1066 735 1107 di
763 1065 919 1119 Aprile
945 1080 975 1107 M
1000 1080 1029 1108 D
1055 1079 1194 1108 LXXV.

287 1144 353 1184 De
378 1143 433 1183 V.
464 1144 513 1183 P.
541 1142 724 1183 minimo
748 1141 917 1196 figliolo
940 1148 984 1183 et
1006 1156 1140 1184 seruo
1165 1156 1206 1183 m
1231 1141 1330 1193 X.0,

935 1218 963 1273 †
988 1218 1176 1272 JOANNE
1200 1233 1261 1261 DE
1287 1220 1530 1261 POLANco.
1558 1219 1586 1271 †

279 1297 376 1351 Jhs.
404 1303 420 1319 a
443 1296 585 1349 Spero
608 1296 691 1336 che
716 1296 769 1337 V.
800 1296 850 1336 P.
881 1294 940 1335 mi
960 1294 1205 1348 perdonera
1232 1296 1272 1336 la
1293 1309 1422 1336 mano
1440 1296 1509 1336 del
1532 1297 1582 1337 P.
1599 1296 1768 1351 Jacobo
1787 1294 1817 1347 ἣ

194 1379 238 1412 et
262 1372 368 1425 pero
392 1372 552 1413 l'vsaro
576 1372 659 1412 alle
682 1372 800 1414 volte
824 1385 903 1425 per
927 1370 1002 1425 pisi
1024 1371 1280 1424 espedirmi‚
1307 1379 1351 1414 et
1375 1371 1536 1426 perche
1559 1371 1708 1413 scriue
1730 1385 1819 1413 me-

195 1447 287 1502 glio
320 1447 463 1489 ch'io.
500 1449 650 1489 Trouo
680 1447 753 1501 qui
784 1447 978 1501 bisogno
1007 1447 1123 1489 assai
1153 1447 1421 1490 d'essercitii
1449 1448 1668 1502 spirituali
1697 1455 1741 1489 et
1768 1449 1821 1489 de

195 1525 405 1565 methodo
423 1539 449 1565 o
462 1524 760 1565 instructione
778 1538 855 1578 per
873 1524 1016 1565 aiutar
1036 1539 1061 1566 a
1080 1524 1243 1576 morir',
1256 1525 1444 1566 facendo
1462 1524 1570 1576 ogni
1589 1539 1679 1566 vno
1697 1538 1821 1567 come

194 1600 220 1640 li
246 1616 366 1655 pare.
393 1602 451 1643 Se
476 1602 531 1642 V.
562 1603 610 1642 P.
638 1600 901 1655 giudichera
933 1600 1196 1655 espediente
1224 1601 1442 1643 mandarli
1467 1601 1658 1655 qualche
1681 1601 1817 1652 aiuto,

193 1677 291 1718 sarii
316 1677 430 1719 assai
453 1685 725 1731 opportuno.
758 1677 858 1718 Non
885 1678 942 1718 ho
961 1679 1158 1718 anchora
1179 1678 1383 1719 riceuuto
1405 1679 1564 1720 lettera
1586 1677 1749 1719 alcuna
1767 1678 1819 1718 de

194 1754 248 1795 V.
279 1755 348 1803 Ρ.;
376 1768 447 1794 ina
470 1768 559 1794 non
585 1754 771 1794 tardano
797 1761 940 1807 tropo,
968 1754 1127 1808 poiche
1152 1754 1186 1795 si
1211 1761 1453 1808 aspettaua
1470 1769 1599 1808 saper
1621 1754 1692 1796 del
1715 1754 1817 1796 arri·
1872 1739 1874 1780 3

196 1843 251 1870 uo
275 1836 429 1870 nostro
453 1845 477 1871 a
501 1829 667 1871 Sicilia.
1872 1876 1874 1878 ,

282 1906 540 1960 quzscrz'ptz'o.
567 1907 595 1961 ’ξ’
622 1907 679 1947 ΑΙ
703 1907 839 1947 molto
860 1907 971 1948 Rdo.
994 1906 1037 1947 in
1058 1907 1176 1961 Xpo.
1202 1908 1346 1950 Padre
1365 1916 1534 1962 nostro,
1561 1907 1591 1948 il
1612 1910 1662 1951 P.
1685 1909 1815 1950 Mtro.
1872 1915 1873 1938 ³

194 1983 424 2023 Euerardo
464 1982 771 2033 Mercuriano,
814 1983 1040 2037 preposito
1068 1985 1280 2037 generale
1313 1985 1429 2026 della
1463 1984 1745 2038 Compagnia
1777 1983 1819 2024 di
1872 2014 1873 2021 ,

195 2059 354 2110 Giesi'i,
376 2075 400 2100 a
425 2061 580 2101 Roma.
1872 2041 1873 2050 ἵ

281 2135 439 2189 sigilli
462 2137 723 2191 vestigium.

262 2283 275 2296 ⁸
328 2282 431 2316 Hinc
449 2284 749 2328 autographum
769 2284 1012 2327 epistolium,
1026 2284 1133 2327 folio
1147 2284 1269 2318 alteri
1288 2284 1610 2329 agglutinatum.

260 2418 274 2437 ⁶
323 2418 382 2452 Cf.
405 2420 518 2463 epist.
541 2419 620 2462 218,
644 2426 775 2454 annot.
798 2419 832 2456 3.
