1891 3292
245 184 313 226 614
740 182 930 216 POLANCt
958 191 1276 218 coMPLEMENTA

199 284 419 325 licentiam
450 281 570 324 dedit
606 281 659 322 iis
689 281 763 336 qui
795 285 1006 338 praesurit
1034 284 1227 339 collegio
1261 284 1538 339 germanico,
1570 293 1617 326 vt
1645 285 1816 330 domes-

199 343 309 383 ticos
345 355 450 382 suos
488 354 797 395 quoscumque
834 342 878 383 in
909 341 1098 383 articulo
1131 343 1285 385 mortis
1321 343 1677 398 communicent,
1712 347 1814 389 offe-

197 414 298 443 rens
321 400 451 441 simul
481 413 663 453 operam
687 411 822 452 {suam
853 408 897 442 et
933 414 1117 442 suorum
1147 401 1191 442 in
1223 416 1508 457 quacumque
1538 404 1812 448 necessitate.

286 458 352 500 8.0
371 457 521 508 huius,
544 458 618 511 qui
637 466 731 499 erat
750 459 1056 513 conceptionis
1082 461 1132 502 Β.
1156 461 1323 503 Mariae
1341 461 1528 515 virginis
1546 461 1655 502 dixit
1674 463 1817 516 primi-

199 517 281 557 tias
298 531 402 557 suas
424 518 473 559 R.
499 518 549 558 P.
583 517 800 558 Ledesma
832 517 877 558 in
913 519 1076 572 templo
1109 527 1280 562 nostro.
1317 521 1368 562 P.
1406 519 1690 562 Christianus
1714 535 1816 564 vero

197 576 389 618 Sanctae
415 574 580 617 Mariae
600 575 757 617 Maiori
791 576 834 616 in
857 577 1111 631 Praesepio.
1150 579 1203 621 P.
1226 577 1481 621 Christiano
1500 578 1670 620 etmihi
1701 580 1819 622 dedit

199 635 250 675 R.
291 636 340 676 P.
379 634 571 675 vicarius
605 635 967 677 benedictionem
1002 643 1046 678 et
1079 637 1397 679 authoritatem
1430 638 1629 680 omnium
1661 638 1820 693 gratia·
1867 690 1871 695 δ

197 706 293 733 rum
319 692 572 735 Societatis
602 693 846 734 Prandium
870 707 1160 749 sumpserunt
1183 695 1227 736 in
1247 696 1438 750 collegio
1459 698 1508 739 P.
1536 697 1818 749 Laurentius,

200 751 248 793 P.
276 751 564 793 Christianus
587 760 630 794 et
653 752 818 796 Seidel.
845 753 1288 795 Communicarunt
1279 769 1323 795 1n
1347 769 1473 796 sacro
1498 756 1547 796 P.
1582 755 1821 798 Christiani
1870 796 1875 798 .

198 810 446 865 germanici
479 825 651 862 omnes,
688 818 732 853 et
766 821 788 864 5
825 813 984 855 fratres
1016 827 1070 855 ex
1104 813 1314 868 collegio;
1351 821 1395 856 et
1428 814 1585 868 reliqui
1620 815 1704 856 sub
1738 815 1819 858 Le·

199 870 396 910 desmae.

286 928 541 970 Uoluerunt
568 930 724 970 Patres
749 936 797 969 ut
820 929 1235 972 coniuraret'hodie
1261 933 1316 973 R.
1354 934 1403 975 P.
1431 932 1684 975 Cornelius.

286 987 616 1028 Concionatum
647 995 715 1030 est
743 996 786 1030 et
815 988 998 1038 lectum,
1030 996 1074 1030 et
1102 1004 1313 1044 vesperae
1344 991 1592 1032 honorifice
1622 998 1823 1034 cantatae
1871 1016 1874 1025 ·

199 1054 319 1087 sunt.

287 1105 452 1157 Magna
470 1112 563 1146 erat
582 1104 626 1145 in
646 1106 810 1159 templo
835 1115 988 1147 nostro
1012 1106 1163 1161 populi
1188 1107 1439 1161 expectatio
1462 1115 1507 1150 et
1530 1109 1823 1163 congregatio
1875 1135 1878 1143 ·

198 1171 244 1203 vt
281 1163 457 1204 audires
492 1163 590 1219 [syc]
609 1173 961 1217 coniurationes
984 1167 1062 1208 sed
1099 1165 1427 1209 interdixerunt
1470 1167 1739 1222 superiores,
1771 1183 1825 1211 ne
1874 1190 1875 1194 ¹

200 1221 319 1262 fraus
338 1222 424 1263 vlla
447 1222 610 1263 diaboli
635 1237 682 1265 se
705 1223 989 1266 immisceret
1021 1227 1161 1266 Porro
1186 1227 1236 1267 R.
1267 1227 1316 1268 P.
1345 1226 1588 1268 Cornelius
1616 1240 1718 1267 cum
1747 1228 1825 1268 hu-

192 1280 394 1330 militate,
408 1281 711 1335 simplicitate,
725 1283 977 1325 reuerentia
996 1294 1040 1326 et
1059 1283 1287 1327 alacritate
1307 1285 1518 1335 maxima,
1534 1285 1684 1338 quod
1674 1285 1824 1339 lpsiab
1876 1289 1880 1315 '·

193 1339 449 1380 obedientia
474 1341 880 1394 praescribebatur‚
907 1342 1045 1383 fecit
1036 1357 1080 1383 1n
1106 1343 1333 1394 omnibus,
1354 1345 1530 1398 absque
1548 1344 1634 1385 vlla
1653 1353 1825 1387 contra-

192 1397 404 1448 dictione,
448 1400 828 1452 quemadmodum
859 1415 906 1442 se
940 1404 1163 1443 facturum
1194 1402 1237 1443 in
1275 1405 1359 1444 hoc
1398 1403 1584 1458 negotio
1615 1404 1670 1444 ab
1700 1402 1825 1469 initio
1879 1433 1883 1439 -

194 1457 491 1511 praedixerat.

281 1530 308 1571 o
333 1516 466 1557 huius
496 1517 695 1558 visitauit
718 1518 959 1572 collegium
985 1520 1295 1573 germanicum
1317 1522 1372 1564 R.
1396 1522 1447 1563 Ρ.
1472 1521 1664 1572 Madrid;
1690 1528 1750 1573 et
1777 1530 1823 1562 ut

193 1566 312 1639 apud
337 1590 418 1616 nos
441 1576 620 1629 quidam
645 1577 958 1629 collocaretur,
984 1586 1310 1631 percunctatus
1337 1586 1405 1622 est
1429 1579 1620 1634 insignis
1644 1554 1822 1634 quidam

195 1633 276 1683 vir,
305 1642 523 1686 quantum
548 1636 776 1678 soluerent
800 1637 1102 1689 portionistae.

289 1704 354 1733 Io
421 1694 583 1736 Melius
610 1695 766 1736 habuit
792 1697 843 1738 P.
873 1696 1073 1750 Baptista
1102 1696 1364 1748 Philiarchi
1393 1697 1468 1750 qui
1492 1704 1624 1738 antea
1648 1696 1822 1752 penitus
1880 1730 1885 1738 .

196 1751 427 1793 dehrabat.

292 1822 338 1851 [2
370 1811 520 1861 huius,
549 1819 723 1865 praeter
746 1813 1105 1866 expectationem
1138 1814 1320 1854 allatum
1347 1821 1414 1856 est
1444 1814 1630 1855 rubrum
1655 1814 1820 1867 grami—
1882 1837 1888 1846 ν

196 1868 265 1908 nis
289 1869 471 1910 domum
497 1885 631 1925 super
655 1871 827 1913 camelo
851 1887 874 1912 a
897 1873 1012 1913 duce
1040 1872 1316 1927 Palleiagno.

290 1938 336 1980 15
362 1928 496 1970 huius
520 1929 734 1971 foeliciter
759 1930 970 1983 migrauit
993 1931 1048 1972 ad
1075 1931 1318 1973 Dominum
1344 1932 1387 1973 in
1413 1932 1606 1987 collegio
1628 1931 1825 1975 Societa—

200 1985 253 2026 tis
278 1987 395 2028 circa
427 1989 579 2029 horam
606 2000 675 2030 21.
684 1996 710 2012 ³¹
711 1996 730 2012 ¹¹
756 1989 805 2030 P.
843 1989 1042 2044 Baptista
1070 1990 1347 2044 Phyliarchi,
1375 1991 1451 2045 qui
1480 2005 1640 2034 recens
1667 1991 1722 2032 ad
1746 1991 1825 2034 So-
1888 2042 1891 2048 Ι

196 2044 404 2087 cietatem
430 2056 631 2097 venerat,
659 2055 701 2089 et
725 2048 810 2088 iam
836 2049 1044 2090 sacerdos
1082 2057 1179 2091 erat
1203 2058 1510 2100 consecratus,
1538 2050 1737 2091 nondum
1770 2056 1826 2091 ta·
1848 2060 1854 2064 '
1888 2050 1891 2060 '

198 2117 298 2144 men
323 2105 497 2147 dixerat
523 2106 753 2160 primitias
780 2107 1063 2150 Grauissime
1089 2109 1319 2150 laborabat
1338 2123 1479 2163 usque
1504 2110 1558 2150 ad
1578 2107 1826 2163 phrenesim
1887 2154 1891 2164 Ι

200 2171 243 2204 et
274 2163 495 2217 delirium,
528 2165 768 2219 aliquando
798 2174 945 2207 tamen
977 2167 1072 2220 ipse
1096 2175 1199 2209 ante
1225 2175 1412 2210 mortem
1438 2168 1568 2210 rediit
1611 2168 1665 2209 ad
1689 2182 1751 2221 se,
1785 2173 1827 2210 et
1888 2173 1891 2210 :

200 2220 485 2264 foelicissime
507 2223 669 2266 deinde
694 2231 897 2265 mortuus
918 2234 1001 2268 est

290 2282 459 2323 Eodem
493 2282 565 2323 die
601 2282 728 2337 petiit
762 2298 786 2324 a
824 2298 893 2325 me
929 2285 982 2326 R.
1022 2286 1072 2326 P.
1110 2285 1349 2328 Cornelius
1379 2286 1527 2327 omnia
1555 2300 1632 2327 sex
1665 2284 1826 2339 scripta

201 2352 315 2392 quae
345 2354 433 2394 ego
464 2341 700 2394 habebam,
734 2341 942 2383 indicans
973 2350 1020 2383 ut
1049 2343 1394 2398 diligentissime
1424 2360 1502 2399 pro
1532 2358 1578 2387 se
1604 2357 1823 2397 rogarem.
1886 2336 1891 2351 ¹

295 2399 344 2439 16
375 2399 526 2447 huius,
561 2415 750 2453 pransus
780 2409 847 2441 est
877 2401 919 2441 in
954 2402 1146 2454 collegio
1167 2417 1349 2445 romano
1381 2405 1432 2445 R.
1468 2406 1518 2446 P.
1551 2402 1760 2456 vicarius,
1786 2409 1827 2444 et

203 2470 281 2510 per
304 2458 417 2498 duas
441 2460 576 2500 horas
600 2459 868 2501 lectionibus
894 2461 1147 2515 theologiae
1172 2462 1494 2516 patientissime
1518 2461 1739 2503 interfuit.

292 2516 480 2558 Curauit
499 2517 594 2559 fieri
610 2518 855 2560 orationem
877 2533 954 2573 pro
974 2521 1198 2575 collegii.3
1172 2522 1416 2563 vermanici
1436 2520 1630 2576 negotiis
1646 2522 1698 2564 P.
1716 2521 1824 2562 Lau·
1888 2555 1891 2566 Α

204 2574 392 2629 tentius,
430 2591 453 2617 a
488 2577 700 2619 fratribus
734 2577 777 2618 in
813 2578 1004 2632 collegio
1044 2580 1301 2634 Societatis,
1343 2580 1476 2623 etiam
1510 2595 1534 2621 a
1572 2577 1827 2622 domesticis
1888 2590 1891 2591 ’

203 2635 381 2676 nostris

296 2704 344 2744 17
370 2693 503 2735 huius
526 2694 740 2736 conuenit
760 2695 938 2748 quidam
966 2697 1016 2738 P.
1039 2697 1349 2748 Laurentium,
1375 2704 1422 2738 vt
1447 2697 1585 2752 possit
1607 2698 1722 2752 apud
1750 2709 1826 2737 nos

202 2753 482 2793 commorari.
511 2753 724 2795 Visitauit
754 2754 931 2795 interim
960 2756 1014 2796 P.
1049 2756 1323 2798 Laurentius
1356 2756 1453 2797 illos
1485 2763 1575 2798 tres
1603 2758 1721 2810 apud
1745 2753 1824 2797 Mi-

202 2824 405 2861 neruam
432 2812 506 2865 qui
530 2827 584 2854 ex
609 2812 773 2854 nostris
791 2813 879 2854 illic
901 2821 1021 2855 sunt.

203 2932 218 2966 t
249 2926 273 2966 l
295 2871 460 2911 Eodem
486 2870 557 2912 die
580 2872 738 2913 habuit
764 2872 1124 2915 exhortationem
1158 2887 1310 2916 coram
1339 2873 1552 2915 fratribus
1576 2874 1629 2927 R.
1660 2875 1711 2914 P.
1740 2873 1821 2913 Na·
1884 2910 1887 2948 ι

222 2940 245 2967 a
266 2941 314 2969 is.

293 2987 341 3028 18
376 2987 509 3030 huius
541 2989 662 3030 venit
692 2989 745 3030 ad
781 2990 1023 3045 collegium
1059 2998 1262 3032 nostrum
1297 2991 1606 3046 germanicum
1638 2989 1813 3044 quidam
