1891 3292
258 169 326 202 688
765 168 952 203 POLANC1
979 177 1297 203 COMPLEMENTA

210 270 449 323 episcopus
472 268 684 311 niciensis
704 269 754 312 P.
782 269 997 311 Melchior
1015 269 1274 320 Carnerius,
1299 269 1544 313 adiuuante
1572 284 1625 313 eo
1652 272 1728 326 qui
1759 288 1831 316 no-

214 327 352 383 stri[s]
378 327 437 368 ibi
462 334 653 382 praeest3
681 328 888 381 Iaponem
913 335 957 369 et
987 328 1134 382 Sinas,
1164 328 1389 370 patriarca
1418 327 1669 384 Ethiopiae,
1702 332 1772 373 vel
1798 334 1833 375 si
1887 324 1891 335 ⁴

211 389 300 427 non
325 393 492 439 posset,
520 386 757 440 episcopus
785 387 972 436 Malace,
1004 387 1167 429 comite
1195 386 1345 440 aliquo
1374 401 1429 429 ex
1459 389 1637 440 nostris,
1670 389 1834 434 insulas

211 445 435 495 Maderae,
468 445 659 495 Tertias,
693 445 843 499 Caput
873 445 1042 496 Viride,
1076 446 1124 488 S.
1160 446 1396 497 Thomam,
1431 446 1703 501 Brassiliam‚
1735 450 1829 503 epi-

210 517 374 557 scopus
404 518 459 546 ex
484 503 760 557 Portugallia
782 503 960 556 missus,
988 512 1141 545 nostro
1165 503 1314 557 aliquo
1342 503 1569 546 adiuncto.

299 574 368 605 21.
436 563 552 604 Cum
590 576 767 604 summo
799 562 999 616 pontifici
1042 575 1092 604 10
1125 562 1230 605 Maii
1265 562 1532 617 diceremus,
1574 564 1835 618 Ingolstadii

210 620 565 670 vniuersitatem,
578 620 694 662 serio
706 621 892 663 iuuante
906 621 1118 676 episcopo
1133 621 1379 674 eistetensi,
1394 621 1718 675 professionem
1735 623 1835 666 fidei
1878 650 1881 651 ν

208 694 233 721 3
258 680 339 721 Pio
362 694 475 734 papa
499 681 574 721 1111
598 679 763 721 editam
786 680 1054 734 suscepisse,
1081 687 1125 720 et
1153 679 1370 732 emisisse3
1402 693 1596 735 cumque
1625 695 1676 723 ea
1707 681 1762 724 de
1793 697 1836 725 re

210 752 483 793 magnopere
498 739 729 789 letaretur,
745 739 1058 794 suggessimus
1076 739 1123 781 S.
1145 737 1221 782 Sfl
1237 738 1282 779 in
1301 738 1670 781 vniuersitatibus
1689 740 1836 783 Italiae

208 797 252 838 id
275 797 421 851 ipsum
447 798 587 838 multo
610 797 755 852 magis
778 798 1032 840 faciendum
1055 797 1209 847 videri3
1236 804 1280 838 et
1304 797 1471 851 recepit
1496 798 1697 851 pontifex
1722 799 1770 840 id
1791 814 1838 842 se
1882 819 1884 822 >

208 863 486 906 curaturum,
514 863 558 897 et
581 855 838 898 memoriale
861 857 916 898 ad
939 856 983 898 id
1006 856 1183 911 negocii
1207 855 1247 898 ei
1278 863 1430 910 postea
1456 870 1531 909 per
1567 859 1615 898 Ρ.
1652 858 1708 899 D.
1745 859 1834 899 Ro-

207 915 356 969 drig[u
332 918 428 968 ujez
450 924 517 956 est
541 915 758 967 oblatum,
784 914 914 956 simul
939 929 1044 956 curn
1067 914 1153 956 alio
1184 914 1259 968 qui
1290 914 1590 957 narrationem
1623 917 1674 957 Ρ.
1708 916 1836 958 Cani-
1860 915 1864 920 '
1888 964 1891 972 Ι

210 973 263 1015 sii
286 974 343 1014 de
367 974 502 1016 rebus
524 973 630 1015 cleri
655 974 903 1027 germanici
928 974 1204 1015 continebat.

298 1044 368 1074 22.
436 1033 496 1074 Vt
520 1032 642 1086 prius
668 1033 804 1075 breue
827 1033 881 1074 ad
899 1033 1158 1087 episcopum
1178 1033 1226 1075 S.
1251 1032 1499 1074 Audomari
1519 1033 1702 1075 dederat
1721 1035 1836 1076 Pon·
1880 1028 1891 1078 *ff

210 1091 333 1141 tifex,
373 1092 695 1132 commendans
727 1091 1056 1134 institutionem
1087 1090 1267 1145 collegii
1297 1091 1554 1144 Societatis,
1587 1091 1647 1133 ita
1680 1093 1838 1134 eodem
1889 1095 1891 1099 ⁴

216 1162 265 1192 Io
295 1150 399 1192 Maii
429 1150 557 1191 iussit
589 1151 726 1193 breue
754 1150 888 1191 scribi
921 1150 1334 1191 commendatitium
1361 1124 1698 1205 archiepiscopo
1722 1152 1837 1193 colo·
1883 1166 1891 1172 ¹

210 1209 369 1259 niensi,
395 1217 439 1250 vt
462 1209 641 1263 collegii
665 1209 805 1250 nostri
831 1209 1156 1263 protectionem
1181 1209 1450 1263 susciperet,
1476 1216 1520 1249 et
1546 1209 1709 1250 nostris
1732 1210 1837 1251 assi·
1882 1211 1891 1251 ’1

210 1275 347 1310 steret
372 1268 416 1309 in
441 1282 523 1309 suo
547 1267 754 1309 instituto
779 1268 962 1319 tuendo,
986 1275 1077 1309 etc.

300 1338 370 1379 23.
438 1326 609 1368 Eodem
643 1326 716 1367 die
748 1326 971 1368 concessit
1002 1334 1047 1367 vt
1081 1340 1169 1367 non
1203 1327 1411 1367 obstante
1444 1327 1564 1367 bulla
1599 1327 1647 1367 In
1685 1326 1835 1370 Coena
1882 1353 1891 1370 ,ι

211 1385 402 1436 Domini,
431 1387 481 1428 Ρ.
508 1385 731 1440 generalis
756 1392 845 1427 tres
867 1386 938 1428 vel
962 1392 1173 1438 quattuor
1197 1384 1241 1426 in
1265 1384 1424 1438 quauis
1453 1384 1683 1439 prouincia
1715 1386 1825 1428 Ger-
1889 1402 1891 1408 ·

211 1444 384 1485 maniae
409 1446 673 1494 nominaret,
701 1444 863 1498 quibus
886 1447 1218 1485 communicare
1242 1452 1390 1498 posset
1414 1444 1674 1486 facultatem
1693 1445 1834 1486 absol·

213 1504 346 1545 uendi
370 1517 463 1553 eos,
488 1504 563 1556 qui
587 1504 643 1543 ob
673 1511 932 1557 vsurpatam
955 1504 1022 1544 vel
1053 1503 1259 1543 violatam
1290 1502 1658 1554 iurisdictionem,
1691 1504 1760 1544 vel
1784 1503 1832 1544 li—
1890 1504 1891 1507 ’

212 1563 430 1603 bertatem
454 1562 805 1605 ecclesiasticam
829 1562 1091 1603 incidissent
1120 1561 1165 1602 in
1196 1561 1705 1604 excommunicationem
1731 1563 1831 1604 bul-

212 1622 279 1662 lae
302 1622 483 1662 Coenae
508 1621 704 1663 Domini.
732 1620 1017 1675 Significauit
1041 1620 1173 1663 etiam
1193 1635 1270 1675 per
1292 1620 1457 1661 dictam
1478 1621 1645 1661 bullam
1663 1635 1752 1662 non
1772 1635 1835 1663 re-

214 1680 364 1720 uocari
390 1681 664 1735 facultatem,
698 1694 831 1733 quam
863 1679 956 1733 ipse
991 1679 1121 1720 nobis
1155 1679 1339 1720 dederat
1371 1681 1440 1720 vel
1473 1679 1832 1732 confirmauerat,

211 1739 476 1780 absoluendi
507 1739 549 1779 in
579 1739 758 1780 casibus
790 1738 976 1789 heresis,
1011 1752 1114 1779 cum
1146 1736 1230 1779 illis
1266 1737 1613 1788 conditionibus,
1646 1752 1760 1792 quae
1792 1738 1835 1780 in
1888 1759 1889 1762 ¹

210 1797 319 1851 ipsis
343 1798 633 1840 continentur
657 1797 1040 1839 concessionibus.

304 1869 374 1908 24.
441 1857 608 1898 Eodem
633 1856 703 1898 die
726 1870 827 1898 cum
854 1863 1120 1910 peteremus,
1148 1863 1194 1896 vt
1212 1855 1326 1896 inter
1345 1855 1515 1909 gratias
1537 1863 1581 1897 et
1599 1855 1835 1910 priuilegia

211 1915 583 1969 mendicantium,
610 1929 800 1969 quorum
824 1913 1274 1957 communicationem
1297 1913 1393 1955 eius
1412 1914 1728 1968 praedecessor
1752 1915 1834 1958 So-

210 1974 361 2017 cietati
383 1974 580 2025 dederat,
606 1981 649 2016 et
673 1974 767 2028 ipse
790 1974 1149 2023 confirmauerat,
1176 1973 1480 2027 indulgentias
1503 1973 1611 2027 ipsis
1635 1973 1832 2028 relligio*

212 2034 272 2075 sis
295 2047 534 2075 concessas
556 2032 874 2087 comprehendi
900 2033 1046 2083 vellet,
1070 2032 1343 2086 significauit
1367 2046 1456 2073 non
1480 2031 1671 2086 intelligi
1694 2033 1835 2074 solere
1886 2059 1891 2066 --

212 2092 256 2132 in
286 2092 442 2146 gratiis
472 2093 526 2133 ad
555 2091 696 2133 instar
726 2091 871 2142 factis3
904 2092 982 2133 sed
1011 2092 1066 2133 de
1095 2105 1214 2132 nouo
1253 2105 1300 2132 se
1339 2091 1590 2133 concedere
1623 2090 1836 2134 Societati

215 2149 468 2205 praedictas
491 2150 816 2205 indulgentias.

301 2219 372 2262 25.
439 2210 710 2251 Contractus
734 2208 866 2251 etiam
891 2223 1046 2250 omnes
1071 2208 1113 2249 in
1142 2207 1306 2262 quibus
1333 2208 1390 2248 ob
1420 2208 1645 2250 defectum
1675 2206 1833 2250 soleni-

213 2275 353 2310 tatum
377 2275 421 2309 et
443 2268 795 2310 ceremoniarum
820 2268 963 2309 timeri
987 2275 1136 2322 posset
1161 2282 1216 2309 ne
1244 2266 1378 2307 validi
1408 2274 1574 2318 essent,
1606 2266 1734 2307 nobis
1760 2280 1811 2320 pe

213 2327 412 2368 tentibus
445 2326 711 2369 reualidauit
744 2326 788 2367 in
824 2328 918 2367 foro
950 2326 1267 2391 conscientiae:
1304 2340 1328 2366 a
1361 2325 1562 2367 censuris
1595 2324 1712 2367 enim
1752 2325 1834 2366 iam

215 2386 489 2436 absoluerat,
515 2395 558 2427 et
582 2387 731 2428 denuo
755 2384 961 2436 absoluit,
987 2385 1022 2426 si
1047 2399 1158 2439 quas
1181 2385 1238 2425 ob
1261 2384 1305 2424 id
1328 2383 1657 2426 incidissemus.

301 2445 371 2486 26.
439 2419 523 2487 Die
553 2445 601 2486 18
628 2444 732 2486 Maii
756 2445 888 2485 Pater
911 2451 1062 2486 noster
1081 2443 1304 2497 generalis
1323 2442 1552 2508 consensit
1573 2441 1832 2497 resignatio-

213 2503 257 2543 ni
282 2503 367 2544 loci
390 2504 445 2546 de
471 2505 638 2545 Bassan
663 2503 706 2543 in
732 2504 931 2545 fauorem
950 2502 1287 2557 capucinorum.

302 2573 373 2614 27.
442 2562 523 2605 Die
547 2574 601 2603 20
625 2561 731 2604 Maii
754 2576 909 2602 rursus
932 2562 987 2603 N.
1018 2563 1068 2604 Ρ.
1102 2560 1325 2615 generalis
1355 2559 1462 2600 adiit
1486 2558 1743 2613 pontificem
1767 2572 1834 2600 me

212 2622 500 2663 commitante
522 2621 653 2662 simul
677 2634 778 2661 cum
804 2621 859 2663 D.
886 2621 1056 2662 Aluaro
1079 2620 1134 2662 de
1157 2620 1316 2660 Castro
1347 2618 1497 2673 legato
1529 2618 1648 2671 regis
1674 2619 1812 2659 Portu

212 2680 390 2733 galliae;
416 2687 460 2722 et
484 2680 539 2721 ab
563 2695 615 2722 eo
644 2680 929 2733 impetratum
959 2686 1042 2728 est,
1070 2686 1116 2718 vt
1146 2679 1201 2718 ad
1228 2677 1416 2730 negocia
1441 2676 1749 2719 Conuersionis
1773 2675 1835 2715 in-

213 2738 438 2789 fidelium,
494 2737 895 2792 congregationem
951 2736 1242 2778 cardinalium
1297 2735 1579 2786 institueret;
1636 2742 1679 2777 et
1734 2747 1834 2775 cum

214 2796 357 2838 Car.lis
395 2797 618 2849 Amulius,
653 2797 860 2846 Sirletus,
900 2803 944 2838 et
979 2796 1164 2837 Carrafa
1202 2795 1241 2835 ei
1276 2794 1508 2848 propositi,
1546 2793 1832 2848 placuissent,

212 2855 413 2897 addidit
404 2870 498 2910 lpse
520 2863 596 2908 4¹¹¹
620 2855 882 2905 Cribellum,
909 2862 952 2897 et
982 2862 1104 2895 motu
1135 2853 1312 2907 proprio
1340 2853 1455 2895 velle
1484 2866 1531 2894 se
1561 2852 1835 2893 constituere
1882 2898 1884 2908 Ι

215 2915 332 2955 hanc
356 2914 776 2968 congregationem,
803 2921 847 2956 et
870 2913 914 2954 in
939 2912 1207 2954 consistorio
1231 2911 1460 2966 publicare
1483 2911 1609 2953 dixit.

304 2974 373 3015 28.
440 2973 718 3015 Facultatem
746 2973 868 3028 prius
898 2972 1046 3015 datam
1080 2971 1201 3013 Patri
1232 2970 1432 3025 generali
1461 2968 1705 3025 deputandi
1737 2980 1764 3021 4
1793 2966 1835 3008 in
