1891 3292
0 1954 1 1979 l
63 1939 189 1982 I‘CXlt.

614 178 1000 218 COMMENTARzoLA.
1007 180 1145 224 —1568
1577 178 1645 223 693

65 280 392 338 aquicinctensi
424 281 606 322 domurn
640 288 684 322 et
717 279 836 323 mille
873 282 1067 323 florenos
1097 295 1270 323 annuos
1300 295 1379 336 pro
1418 280 1692 322 fundationis

66 340 297 399 principio,
324 353 425 382 cum
450 340 518 380 sui
544 339 726 394 capituli
756 353 980 382 consensu
1011 340 1401 391 subministrante,
1427 347 1470 383 et
1494 339 1691 382 lectioni·

67 404 149 444 bus
172 399 361 443 Octobri
386 412 554 450 mense,
581 399 818 451 catalogus
851 399 1120 463 praemissus
1143 407 1225 450 est;
1252 414 1336 441 nec
1358 399 1501 440 solum
1531 399 1693 441 ciuitas

63 467 108 505 et
129 459 381 514 episcopus,
410 457 489 499 sed
513 456 787 499 vniuersitas
811 457 942 498 etiam
969 472 1102 511 noua,
1123 458 1167 499 id
1190 458 1424 512 expetiuit.

152 528 223 572 54.
289 518 336 558 In
360 516 526 571 oppido
550 517 604 559 de
637 516 884 566 Carauaca,
911 518 1269 572 carthaginensis
1298 516 1531 569 dioecesis,
1557 530 1693 560 cruce

63 579 117 621 ab
140 576 315 631 angelis
337 577 544 618 contecta
567 574 748 630 insigni,
771 575 1008 630 collegium
1030 576 1272 618 admissum
1293 584 1375 625 est,
1401 583 1443 617 et
1464 576 1556 618 fere
1575 575 1693 618 mille

63 636 184 679 aurei
207 635 411 677 redditus
434 634 572 676 annui
603 634 642 677 ei
673 633 904 688 applicati3
937 642 980 676 et
1014 636 1098 676 sub
1127 635 1230 676 anni
1261 635 1394 678 finem
1425 634 1692 689 principium

61 697 229 739 datum.

150 764 220 808 55.
288 753 511 808 Quamuis
534 766 624 793 non
641 751 885 793 admissum
907 752 1039 794 fuerit
1057 752 1297 807 collegium
1318 753 1485 794 Montis
1505 751 1691 794 Policia-

62 813 128 865 ni,
161 821 342 868 propter
371 813 491 867 quod
520 811 681 852 ciuitas
713 811 927 870 nuncium
960 811 1164 853 misserat
1193 826 1324 852 suum
1357 812 1596 866 quemdam
1627 810 1691 852 ci-

63 887 162 916 uem
193 879 364 914 aestate
394 871 653 926 praeterita,
682 876 830 911 tamen
861 870 958 924 ipso
988 871 1198 925 episcopo
1228 871 1283 911 ad
1313 870 1357 911 id
1391 870 1570 925 negocii
1602 878 1690 911 tra—

61 931 274 974 ctandum
298 931 524 982 veniente,
547 936 592 972 et
614 930 831 971 offerente
849 930 1030 970 domum
1053 937 1096 970 et
1116 929 1348 970 ecclesiam
1368 929 1553 972 liberam
1576 928 1692 970 intra

63 991 311 1041 ciuitatem,
337 998 382 1031 et
404 1004 481 1032 eos
505 989 707 1031 redditus
730 988 804 1042 qui
829 988 884 1029 ad
909 1000 964 1029 20
986 989 1041 1030 de
1071 988 1233 1030 nostris
1255 989 1577 1030 sustentandos
1600 989 1690 1029 suf-

63 1051 262 1101 ficerent,
290 1049 470 1091 tandem
493 1063 545 1092 ea
568 1049 669 1103 lege
691 1047 934 1089 admissum
960 1056 1043 1098 est,
1070 1055 1117 1088 vt
1140 1062 1241 1089 cum
1260 1047 1473 1091 Societati
1497 1061 1691 1088 commo-

63 1110 168 1152 dum
192 1116 328 1159 esset,
355 1123 445 1150 non
468 1107 656 1149 limitato
679 1107 767 1148 vllo
792 1113 1007 1161 tempore,
1034 1107 1176 1148 nostri
1200 1121 1252 1148 eo
1275 1106 1578 1149 mitterentur.

151 1169 221 1222 56.
291 1167 467 1210 Pisauri
491 1168 583 1209 dux
607 1165 768 1209 Vrbini
791 1166 1031 1221 collegium
1064 1165 1235 1207 institui
1261 1166 1524 1220 expetierat3
1550 1172 1594 1207 et
1616 1164 1693 1207 Vi-

63 1228 191 1271 terbii
214 1226 453 1269 cardinalis
477 1227 532 1268 de
555 1226 801 1277 Gambara3
827 1233 871 1267 et
894 1226 1075 1266 domum
1100 1239 1200 1266 cum
1222 1226 1401 1279 templo,
1423 1232 1467 1267 et
1490 1223 1693 1267 redditus

63 1287 325 1329 offerebant.
354 1285 661 1329 Tantumdem
687 1284 928 1339 episcopus
952 1284 1183 1334 vilnensis,
1210 1283 1251 1324 in
1272 1284 1495 1334 Lituania,
1523 1283 1598 1337 qui
1617 1283 1694 1324 do-

63 1360 182 1388 mum
205 1346 396 1400 amplam
421 1352 465 1387 et
490 1358 650 1400 agrum
675 1345 731 1385 ad
754 1343 798 1385 id
825 1355 881 1396 24
904 1343 1100 1384 millibus
1128 1344 1401 1384 florenorum
1425 1350 1609 1385 emerat.
1639 1342 1695 1383 Et

61 1405 104 1447 in
131 1405 376 1459 Aquitania
400 1405 563 1446 ciuitas
587 1402 824 1458 Apamiae,
852 1404 970 1444 vnde
994 1403 1235 1457 collegium
1261 1410 1465 1444 nostrum
1489 1402 1543 1443 ab
1567 1403 1694 1444 here-

63 1464 160 1506 ticis
183 1472 294 1507 ante
312 1465 483 1518 aliquot
509 1478 652 1505 annos
675 1462 868 1505 eiectum
902 1463 1069 1513 fuerat,
1096 1461 1371 1503 auctioribus
1400 1460 1695 1516 prouentibus

61 1524 220 1566 oblatis
244 1524 288 1565 id
311 1523 558 1578 repetebat.
596 1521 899 1565 Massilienses
930 1521 1082 1564 itidem
1107 1520 1267 1563 oblatis
1290 1520 1409 1562 mille
1434 1521 1525 1562 fere
1548 1519 1695 1561 aureis

62 1583 200 1626 annui
230 1583 455 1635 redditus,
490 1582 575 1623 sibi
606 1582 703 1623 dari
734 1580 974 1636 collegium
1010 1580 1143 1622 variis
1173 1579 1422 1621 rationibus
1452 1579 1694 1621 contende-

61 1643 183 1686 bant.
211 1642 302 1685 Alii
326 1642 464 1685 etiam
490 1641 610 1684 alibi:
638 1640 717 1683 sed
739 1640 1015 1682 admittenda
1040 1654 1160 1682 nunc
1184 1639 1364 1694 quidem
1387 1652 1485 1681 esse
1508 1652 1597 1679 non
1628 1643 1697 1680 est

60 1701 219 1744 visum.

148 1771 218 1815 57.
287 1762 430 1802 Pater
453 1759 760 1824 Hieronymus
783 1759 1033 1809 Domenec,
1060 1772 1116 1800 ex
1140 1757 1292 1801 Sicilia
1321 1763 1580 1805 reuocatus,
1606 1756 1693 1797 col-

61 1820 179 1876 legio
204 1834 395 1862 romano
418 1827 462 1861 et
486 1818 747 1875 germanico
771 1832 823 1859 ac
851 1817 1092 1860 seminario
1116 1818 1369 1883 praefectus
1391 1823 1474 1858 est.
1502 1816 1553 1857 P.
1590 1828 1696 1856 vero

64 1881 229 1923 Paulus
268 1878 497 1922 Achileus
536 1886 582 1919 vt
622 1876 1014 1932 viceprouincialis
1052 1876 1229 1920 interim
1274 1890 1372 1918 eam
1417 1874 1693 1930 prouinciam

149 1999 219 2052 58.
288 1998 680 2051 Caesaraugustae
710 2011 871 2039 cursus
899 1996 1060 2038 artium
1101 1996 1187 2036 hoc
1224 2002 1442 2036 autumno
1476 1991 1697 2048 praelegi,

62 2065 104 2100 et
126 2072 297 2100 nouum
324 2057 538 2111 templum
563 2056 787 2098 aedificari
812 2062 1024 2111 coeptum
1054 2061 1137 2098 est.

151 2127 220 2173 59.
289 2116 478 2159 Taurini
499 2115 715 2159 lectiones
745 2117 902 2157 eodem
933 2122 1155 2169 tempore
1182 2112 1431 2156 litterarum
1461 2109 1693 2152 humanio-

0 2171 1 2174 '
65 2189 161 2218 rum
185 2190 454 2232 graecarum
477 2189 530 2217 ac
552 2175 808 2226 latinarum,
835 2189 887 2216 ac
921 2172 1355 2223 controuersiarum,
1381 2184 1549 2225 magno
1574 2170 1696 2211 fauo-

63 2249 110 2277 re
142 2244 186 2277 et
221 2235 475 2289 frequentia
505 2234 610 2276 sunt
643 2234 894 2277 inchoatae.
933 2234 988 2274 Et
1023 2247 1100 2288 per
1123 2231 1353 2274 doctrinae
1377 2236 1690 2272 x.¹anae1nst1

64 2294 300 2345 tutionem,
327 2309 380 2337 ea
402 2294 447 2335 in
467 2293 651 2336 ciuitate
676 2295 849 2335 fructus
866 2292 1056 2336 eximius
1076 2291 1227 2344 colligi
1246 2298 1405 2355 ceptus
1422 2296 1507 2340 est3
1529 2295 1573 2329 et
1591 2289 1693 2330 hae-

66 2354 190 2397 retici
212 2329 343 2396 multi
367 2352 664 2395 concionibus
686 2352 964 2408 compuncti,
990 2360 1034 2393 et
1057 2351 1153 2392 aliis
1176 2349 1340 2390 nostris
1363 2347 1619 2389 ministeriis
1640 2347 1696 2389 ad

64 2413 287 2457 saniorem
313 2420 509 2455 mentem
534 2413 792 2463 redeuntes,
819 2411 1037 2454 ecclesiae
1061 2408 1336 2452 reconciliati
1359 2414 1481 2449 sunt.

153 2473 231 2514 60.
305 2471 606 2527 Moguntinus
629 2471 1011 2525 archiepiscopus,
1039 2468 1352 2511 consentiente
1375 2465 1572 2520 capitulo
1595 2478 1693 2515 suo,

66 2532 282 2573 stabiliuit
320 2531 600 2573 dotationem
638 2531 707 2572 sui
751 2530 929 2585 collegii
975 2529 1085 2571 1600
1121 2529 1394 2568 florenorum
1438 2538 1693 2576 aureorum,

65 2598 239 2646 praeter
269 2590 354 2633 alia
384 2605 499 2645 quae
528 2590 623 2645 ipse
651 2598 698 2631 vt
731 2590 939 2631 fundator
977 2586 1286 2643 perbenignus
1317 2583 1496 2635 tribuit3
1524 2591 1567 2626 et
1598 2594 1695 2625 tan·

67 2663 197 2703 quam
221 2649 396 2691 initium
422 2649 697 2691 fundationis
720 2650 804 2690 hoc
824 2648 921 2690 fuit.

151 2709 223 2752 61.
294 2709 374 2751 Die
398 2721 452 2751 22
476 2708 750 2751 Nouembris
779 2706 1001 2761 alloquuti
1030 2718 1187 2746 sumus
1221 2705 1272 2745 Ρ
1305 2703 1514 2745 Canisius
1543 2708 1586 2743 et
1611 2714 1698 2755 ego

67 2781 289 2810 summum
315 2768 592 2823 pontificem,
619 2775 663 2810 et
688 2775 786 2822 post
804 2765 1164 2809 benedictionem
1184 2776 1416 2805 recessuro
1439 2762 1482 2802 in
1505 2761 1696 2804 Germa-

69 2826 184 2868 niam
208 2827 408 2882 benigne
430 2828 603 2876 datam,
631 2826 855 2868 concessit
884 2823 1135 2878 sequentia:
1162 2822 1324 2877 primo,
1349 2828 1395 2862 vt
1419 2820 1560 2862 nostri
1593 2832 1696 2874 pos—

69 2894 166 2927 sent
190 2886 453 2941 dispensare
475 2900 611 2941 super
634 2884 964 2939 irregularitate
987 2883 1032 2923 in
1057 2880 1483 2936 septentrionalibus
1504 2879 1629 2929 locis,
1650 2883 1698 2919 vt

69 2944 337 2988 Germaniae
355 2952 400 2989 et
417 2946 593 2989 Galliae
610 2952 697 2986 etc.
706 2958 838 2997 ‚cum
857 2943 909 2984 iis
927 2941 1002 2996 qui
1021 2941 1065 2982 in
1083 2955 1180 2982 eam
1201 2939 1480 2990 incidissent,
1497 2945 1694 2994 propter-

68 3018 120 3046 ea
151 3006 271 3059 quod
308 3004 466 3048 irretiti
496 3003 699 3047 censuris
728 3003 1056 3052 ce31ebrassent
1084 3001 1151 3041 2.⁰
1161 3007 1242 3050 ,vt
1265 3012 1367 3041 cum
1392 2996 1695 3040 adolescenti-
