1891 3292
267 178 338 214 490
776 168 964 203 POLANcl
991 175 1302 203 COMPLEMENTA

222 283 376 324 proua,
409 269 455 309 in
485 275 611 310 tanto
641 269 725 311 che
755 267 796 310 io
826 275 896 310 sto
920 267 1011 322 qui,
1040 281 1168 310 come
1199 266 1420 317 riescono,
1447 272 1492 307 et
1514 264 1666 307 s'altro
1689 265 1842 311 ordine

223 344 350 388 verrii
375 346 431 387 da
456 345 512 386 V.
543 347 612 395 R,
640 344 739 386 sara
763 359 940 399 sempre
964 344 1178 398 exequito
1203 345 1234 386 5.
1262 344 1324 385 La
1348 342 1662 386 benedictione
1686 349 1730 383 et
1749 356 1840 385 ora-

221 421 331 462 tioni
355 422 410 463 de
435 422 490 464 V.
520 422 569 462 Ρ.
597 421 822 463 domando
852 420 1149 463 humilmente
1180 434 1257 475 per
1283 434 1352 462 me
1375 426 1418 461 et
1443 434 1521 474 per
1551 425 1665 460 tutta
1689 425 1843 472 questa

222 497 471 551 prouincia.
499 498 567 539 De
594 498 798 539 Palermo
828 509 879 550 14
902 497 958 540 de
982 498 1138 539 Marzo
1169 497 1295 549 1576.

310 574 377 616 De
402 575 457 616 V.
487 575 537 617 P.
565 574 739 628 figliolo
761 580 805 615 et
831 587 965 615 seruo
989 573 1031 614 in
1057 573 1155 625 X.⁰‚

933 651 963 705 -ζ-
987 651 1178 706 JOANNE
1213 663 1272 692 DE
1309 651 1550 693 POLANCO.
1584 649 1613 704 †

312 727 569 782 Inscriplio.
603 728 631 783 †
658 728 715 770 Al
738 727 878 769 molto
909 727 1028 769 Rdo.
1063 726 1107 768 in
1138 728 1258 781 Xpo.
1286 727 1452 777 Padre,
1486 725 1513 766 il
1544 727 1595 768 P.
1628 724 1715 768 M.⁰
1734 726 1843 767 Eue-

222 803 353 845 rardo
377 803 680 856 Mercuriano,
707 803 939 859 preposito
959 804 1172 858 generale
1195 803 1312 845 della
1331 801 1614 858 Compagnia
1632 803 1686 843 de
1698 802 1845 858 Jesfis,

223 879 269 921 in
299 881 455 922 Roma.

310 956 470 1012 sigilli
492 958 756 1012 vestigium.

313 1043 353 1086 5.
413 1035 512 1090 Jhs.
539 1035 570 1075 ⁶.
600 1034 673 1075 ΗΟ
697 1033 966 1075 corninciato
989 1048 1014 1075 a
1033 1033 1170 1076 veder
1189 1033 1294 1086 quel
1314 1032 1475 1075 libreto
1498 1033 1581 1073 che
1605 1031 1663 1072 mi
1689 1031 1848 1074 mande>

994 1109 1024 1161 ⁷,
1051 1118 1094 1152 et
1126 1117 1256 1152 trouo
1288 1108 1540 1151 moltissimi
1569 1107 1707 1150 errori
1737 1109 1849 1151 della

226 1110 276 1153 V.
306 1112 359 1153 P.
384 1125 461 1165 per
485 1110 631 1152 aiutar
654 1126 678 1152 a
707 1111 795 1153 ben
826 1110 962 1152 morir

221 1194 417 1241 stampa;
445 1195 486 1228 et
513 1187 611 1238 tali,
639 1188 727 1228 che
748 1201 903 1242 spesse
933 1187 1054 1230 volte
1083 1187 1246 1229 leuano
1271 1186 1299 1227 il
1330 1199 1486 1237 senso,
1511 1192 1554 1227 et
1578 1186 1690 1227 altre
1716 1185 1847 1227 fanno

222 1278 356 1306 senso
380 1264 554 1319 inept0;
581 1271 624 1307 et
649 1264 911 1306 finalmente
934 1277 1062 1304 come
1090 1270 1180 1313 sta,
1207 1277 1255 1306 se
1285 1262 1319 1304 si
1351 1261 1538 1317 legessi,
1565 1261 1624 1302 mi
1649 1276 1754 1316 pare
1775 1261 1847 1304 ba-

223 1341 431 1383 starebbe
456 1355 533 1395 per
556 1341 680 1383 leuas
704 1341 745 1382 13
775 1339 962 1382 volunta
992 1340 1048 1382 de
1077 1340 1271 1394 legerlo,
1299 1347 1342 1381 et
1373 1339 1572 1381 darebbe
1595 1352 1707 1393 poca
1733 1337 1846 1393 ripu-

223 1416 393 1459 tatione
417 1417 502 1458 alla
527 1417 823 1472 Compagnia.
858 1418 902 1459 Io
932 1417 1147 1459 mandere
1171 1431 1259 1458 vna
1283 1425 1388 1458 nota
1410 1415 1513 1458 delli
1538 1414 1699 1470 errori,
1725 1428 1848 1456 come

226 1495 351 1547 potr&
376 1494 535 1545 finirla,
563 1502 606 1536 et
629 1509 676 1535 56
702 1510 789 1536 non
813 1509 925 1537 sono
942 1493 1168 1535 emendati
1193 1493 1349 1548 prima,
1375 1508 1465 1534 non
1490 1492 1737 1534 solamente
1756 1491 1845 1532 fuo-

224 1570 259 1612 ri
282 1572 336 1614 de
360 1587 484 1626 casa,
512 1587 583 1614 ma
614 1574 669 1614 ne
693 1574 837 1614 anche
867 1572 970 1614 dalli
1003 1571 1145 1614 nostri
1177 1585 1282 1626 pare
1312 1569 1502 1612 sarebbe
1531 1567 1792 1623 espediente
1814 1567 1847 1609 si

224 1648 402 1702 legessi.
422 1649 599 1703 Questo
616 1663 691 1703 per
708 1648 834 1691 auiso
852 1649 907 1690 de
927 1649 982 1691 V.
1008 1649 1057 1691 P.
1081 1649 1148 1690 De
1171 1647 1378 1690 Palermo
1404 1657 1454 1698 14
1471 1645 1527 1688 de
1545 1646 1699 1687 Marzo
1723 1643 1844 1696 1576.
1890 1671 1891 1697 ;

311 1724 451 1766 Filius
474 1732 518 1767 et
536 1740 713 1779 seruus,

1082 1802 1110 1857 η’-
1127 1803 1201 1858 Jo.
1230 1815 1292 1844 DE
1313 1802 1555 1843 POLANCO.
1584 1798 1611 1854 -ξ-

313 1880 572 1934 Inscriptio,
599 1894 624 1919 a
658 1883 786 1935 tergo
809 1878 947 1934 liujus
977 1878 1230 1921 schedulae.
1265 1876 1387 1920 Patri
1419 1884 1573 1918 nostro
1601 1873 1849 1930 praeposito
1890 1880 1891 1927 ξ

222 1955 441 2009 generali.

293 2116 306 2134 ⁵
356 2116 430 2150 Die
449 2115 469 2149 3
489 2117 654 2160 Augusti
681 2115 855 2161 ejusdem
882 2115 1026 2150 mensis
1051 2127 1118 2160 per
1146 2114 1349 2160 epistolam
1376 2113 1606 2148 Mercuriani
1631 2112 1678 2146 ad
1706 2111 1868 2148 Cande-.
1890 2123 1891 2127 ¹

225 2175 312 2216 lam,
332 2175 393 2208 hie
411 2179 563 2208 creatur
582 2181 709 2208 rector
728 2174 1018 2219 panormitanus
1038 2185 1105 2218 pro
1126 2173 1243 2207 Paulo
1262 2173 1310 2207 (16
1331 2172 1505 2207 Achillis:
1528 2172 1603 2206 Sic,
1631 2181 1662 2213 Ι,
1692 2171 1754 2205 foi.
1774 2168 1845 2205 681.
1889 2185 1891 2201 A

295 2234 309 2252 ⁶
359 2233 512 2268 Adsunt
531 2235 625 2267 haec
644 2234 841 2268 chartulae
860 2233 1079 2278 adjunctae,
1101 2233 1361 2278 autographae
1376 2243 1529 2278 quoque
1548 2231 1718 2272 Polanci,
1735 2236 1773 2263 et
1790 2225 1847 2264 cui

222 2293 444 2327 inscribitur
464 2293 501 2326 in
523 2294 711 2337 margine:
733 2292 1033 2337 «Postscripta.»
1055 2291 1153 2325 Vide
1173 2292 1249 2326 vol.
1271 2291 1300 2333 Ι,
1321 2292 1404 2334 672.

296 2350 306 2369 ⁷
359 2350 417 2385 Cf.
442 2352 516 2386 vol.
535 2351 565 2393 Ι,
586 2351 857 2393 Prooemium,
878 2359 963 2394 xxi,
984 2361 1019 2384 n.
1042 2359 1075 2392 23
1095 2355 1175 2384 tum
1195 2349 1307 2395 epist.
1331 2357 1412 2393 252,
1431 2361 1468 2384 n.
1488 2357 1542 2392 143
1560 2354 1599 2382 et
1615 2355 1694 2391 272,
1712 2359 1749 2384 n.
1769 2355 1802 2389 4.
