1999 3338
298 301 338 326 ιο
787 283 975 317 POLANCI
1003 285 1321 314 COMPLEMENTA

336 391 388 433 Ci
413 403 522 431 sono
544 400 707 428 ancora
736 382 856 438 degli
886 380 984 423 altri
1014 378 1128 420 della
1152 377 1306 430 lingua
1329 376 1507 431 polona,
1541 376 1761 426 francese,
1787 373 1871 415 ita·

246 470 375 517 11303,
405 463 566 508 uersati
590 463 634 503 in
658 463 814 503 lettere
840 460 1050 499 humane.

338 544 407 597 38.
473 542 487 581 Ι
518 536 765 580 coadiutori
799 547 989 577 saranno
1022 531 1077 573 da
1115 544 1232 571 noue
1260 543 1286 570 o
1315 528 1429 572 dieci
1453 529 1497 570 di
1529 528 1696 570 diuersi
1722 526 1866 577 uffifii,

250 619 328 662 atti
353 620 393 661 al
426 615 607 659 seruitio
636 613 788 655 diuino
816 611 854 653 el
885 608 1080 651 all'aiuto
1119 606 1234 648 della
1263 605 1560 659 Compagnia.
1594 604 1720 646 Tutti
1749 617 1875 646 com·

247 700 532 737 munemente
555 690 809 746 procedono
833 686 967 727 molto
991 685 1120 733 bene,
1146 690 1190 725 et
1215 681 1458 723 attendono
1481 695 1505 722 a
1530 682 1595 722 far
1619 681 1739 721 buon
1759 682 1865 721 fun—

246 773 454 812 damento
473 769 587 809 nella
607 763 961 813 mortificatione,
982 760 1018 803 si
1039 760 1081 800 in
1102 773 1205 801 casa
1223 759 1265 798 in
1279 757 1449 800 seruitii
1468 756 1604 808 bassi,
1625 770 1754 798 corne
1774 758 1871 798 fuo-

249 847 282 887 ri
306 847 348 886 in
374 844 552 886 uisitare
577 843 750 883 talhora
773 839 834 894 gli
858 836 1102 892 hospedali‚
1131 850 1208 890 per
1230 833 1403 877 seruire
1428 848 1452 875 a
1477 832 1647 887 poueri,
1673 840 1717 875 et
1740 832 1785 874 in
1807 832 1871 874 di-

250 922 430 963 rnandar
448 919 653 960 limosina
689 917 1019 971 publicamente
1052 927 1128 967 per
1151 913 1190 953 la
1214 911 1322 952 citta
1345 925 1421 965 per
1445 925 1650 965 rompere
1668 909 1679 950 i
1700 909 1870 964 rispetti

247 996 446 1039 humani.
473 997 527 1037 Et
550 995 592 1035 in
618 994 686 1036 cio
711 994 757 1033 fu
783 991 977 1032 notabile
999 989 1026 1030 il
1046 987 1267 1031 desiderio
1291 987 1346 1028 de
1379 987 1572 1029 uincersi
1603 986 1677 1028 nei
1710 986 1869 1028 fratelli

249 1072 434 1116 Claudio
459 1070 729 1124 Acquauiua
757 1076 799 1110 et
825 1066 1022 1109 Antonio
1046 1065 1280 1118 Visconte,
1307 1064 1318 1104 i
1349 1062 1467 1117 quali
1497 1064 1668 1104 hauuta
1691 1062 1871 1105 licentia

248 1150 289 1190 di
316 1148 458 1190 uscire
481 1162 539 1188 un
567 1160 680 1201 poco
702 1160 777 1199 per
807 1145 847 1184 la
878 1151 993 1184 terra
1018 1157 1094 1196 per
1118 1141 1358 1184 esercitare
1388 1141 1425 1182 la
1457 1139 1698 1181 mendicita
1723 1146 1869 1186 santa,

247 1239 294 1267 se
318 1225 596 1266 n’andorono
620 1236 643 1263 3
669 1222 845 1276 palazzo
868 1221 983 1261 doue
1006 1217 1196 1260 Claudio
1219 1232 1293 1259 era
1316 1217 1352 1258 si
1387 1216 1666 1268 conosciuto,
1687 1225 1845 1257 entran
1860 1241 1871 1245 -

247 1302 301 1344 do
324 1300 419 1341 sino
443 1298 813 1341 nell’anticamera
837 1297 907 1338 del
931 1309 1041 1350 papa
1064 1301 1108 1336 et
1132 1294 1232 1335 altri
1264 1293 1423 1348 luoghi
1449 1292 1694 1348 principali,
1724 1299 1768 1334 et
1797 1291 1867 1333 di·
1916 1279 1927 1286 ⁰

248 1376 497 1418 mandando
520 1374 721 1415 limosina
744 1374 782 1414 al
809 1379 999 1414 maestro
1023 1370 1066 1411 di
1090 1384 1268 1412 camera
1302 1377 1347 1412 et
1378 1371 1433 1411 ad
1459 1369 1608 1411 310001
1635 1368 1871 1424 cardinali,

246 1460 289 1495 et
311 1453 350 1494 al
373 1450 567 1492 cardinal
592 1449 911 1492 Alessaridrino
936 1450 998 1488 fra
1023 1447 1083 1498 qli
1108 1446 1224 1497 altri,
1245 1446 1290 1488 in
1315 1447 1538 1501 presentia
1557 1445 1600 1486 di
1622 1459 1681 1486 un
1705 1446 1871 1487 mondo

243 1528 285 1569 di
309 1536 460 1582 gente.
488 1526 541 1568 Di
565 1527 605 1568 13
628 1525 696 1567 001
720 1540 801 1567 300
823 1539 953 1566 33000
978 1525 1060 1566 3116
1083 1524 1221 1578 303116
1247 1538 1294 1566 se
1320 1523 1598 1564 n'andorono
1617 1537 1642 1564 a
1658 1537 1761 1565 casa
1780 1523 1870 1565 del-

243 1606 282 1645 13
322 1603 591 1658 0000106333
622 1601 664 1643 di
698 1602 930 1651 80101003,
960 1607 1145 1655 parente
1170 1600 1212 1641 di
1242 1599 1448 1650 Claudio,
1475 1608 1518 1643 et
1547 1614 1572 1641 3
1595 1614 1698 1641 0333
1721 1599 1869 1641 d'altri

243 1678 490 1721 conosciuti
513 1679 629 1719 (1006
653 1685 875 1732 0οῒ60300
898 1677 1062 1719 sentire
1088 1676 1163 1731 010
1186 1676 1503 1730 repugnantia.
1528 1677 1583 1717 Et
1603 1683 1720 1718 tutto
1743 1675 1813 1718 010
1831 1676 1867 1718 31

242 1755 403 1797 risolue
426 1755 469 1795 in
494 1769 580 1795 una
604 1768 714 1808 gran
739 1753 1000 1808 marauiglia
1023 1760 1066 1795 et
1084 1753 1366 1795 edificatione
1384 1753 1455 1795 del
1477 1754 1654 1808 popolo,
1676 1761 1718 1795 et
1739 1751 1864 1808 spiri-

241 1832 331 1872 tual
357 1831 530 1885 profitto
553 1837 596 1873 et
613 1830 766 1871 liberta
788 1830 896 1872 loro.
920 1830 1046 1871 Altre
1065 1843 1167 1871 cose
1191 1829 1326 1871 molte
1345 1829 1451 1871 dirsi
1472 1831 1768 1884 potrebbono‚
1792 1844 1863 1871 ma

241 1915 395 1960 queste
418 1907 591 1948 bastino
614 1914 783 1959 quanto
806 1906 889 1946 alla
914 1919 1017 1946 casa
1041 1905 1254 1959 professa.

330 1995 397 2037 39.
464 1983 591 2025 Nella
621 1997 722 2023 casa
754 1982 796 2023 di
829 1981 1087 2036 probatione
1116 1981 1159 2023 di
1192 1983 1287 2025 Sto.
1315 1983 1501 2025 Andrea
1525 1983 1569 2025 di
1599 1985 1754 2025 Monte
1777 1983 1862 2025 Ca*

239 2060 355 2101 uallo
380 2074 491 2101 sono
517 2059 619 2100 stati
643 2061 908 2112 quest'anno
931 2060 985 2101 da
1016 2073 1086 2113 303
1119 2067 1246 2114 parte
1280 2059 1450 2112 nouitii‚
1484 2067 1606 2114 parte
1634 2059 1864 2102 coadiuto-

241 2135 273 2175 ri
295 2138 385 2190 (per
408 2136 449 2176 lo
473 2134 545 2189 010
570 2135 780 2176 muratori
809 2142 853 2176 et
884 2136 1160 2189 falegnami),
1196 2144 1241 2178 et
1274 2144 1398 2190 parte
1425 2135 1603 2197 ufficiali
1629 2151 1705 2190 per
1728 2135 1755 2176 il
1786 2151 1866 2191 go-

237 2225 397 2264 uemo,
424 2218 466 2251 et
490 2210 636 2251 alcuni
661 2210 848 2264 operarii
878 2210 948 2253 de’
978 2212 1097 2265 quali
1133 2220 1287 2254 nostro
1309 2212 1503 2267 Signore
1525 2213 1559 2254 si
1584 2212 1607 2255 ὲ
1629 2213 1798 2255 seruito
1820 2213 1864 2254 in

236 2287 486 2327 confessare
517 2293 559 2327 et
592 2286 637 2326 in
675 2286 754 2328 dar
788 2287 1007 2340 consiglio
1037 2302 1061 2329 3
1091 2287 1164 2329 chi
1195 2288 1318 2341 quiui
1344 2288 1504 2329 ueniua
1538 2303 1562 2330 a
1586 2288 1865 2331 dimandarlo

237 2376 310 2414 per
334 2364 557 2414 acquetar'
581 2363 620 2403 13
653 2362 901 2406 0030161123.
935 2363 1058 2405 Sono
1086 2363 1218 2406 etiam
1251 2364 1402 2406 andati
1433 2379 1458 2406 3
1485 2365 1744 2408 confessare
1774 2379 1864 2406 am-

238 2436 381 2477 malati
409 2445 451 2478 et
489 2437 657 2478 aiutare
680 2437 691 2477 i
717 2438 868 2492 poueri
893 2439 1245 2494 dell’hospedale
1269 2440 1389 2495 degli
1418 2440 1653 2482 incurabili
1682 2448 1727 2482 et
1755 2442 1867 2483 altre

233 2526 365 2566 opere
387 2513 429 2553 di
456 2513 771 2557 misericordia.
794 2515 848 2555 Et
871 2515 926 2556 ad
947 2529 1034 2557 una
1055 2530 1248 2569 persona
1267 2516 1511 2571 principale
1530 2516 1574 2558 di
1592 2524 1751 2570 questa
1769 2531 1864 2559 cor-

236 2597 275 2628 te
298 2587 425 2629 diede
449 2588 491 2629 in
516 2590 616 2642 quel
649 2590 786 2644 luogo
816 2591 960 2645 gratia
991 2591 1075 2633 Dio
1113 2593 1169 2634 N.
1213 2589 1262 2635 S.
1289 2592 1333 2633 di
1362 2593 1546 2635 lasciare
1575 2593 1604 2634 il
1633 2594 1798 2635 mondo
1820 2601 1866 2636 et

234 2664 451 2705 ‹rl'entrare
481 2665 595 2706 nella
624 2665 852 2719 religione;
886 2675 928 2709 et
958 2668 1012 2708 ad
1039 2669 1114 2708 un'
1130 2668 1244 2710 altro
1283 2669 1326 2710 di
1365 2677 1541 2712 entrare
1576 2670 1693 2711 nella
1732 2670 1864 2712 Com·

237 2739 411 2791 pagnia.

321 2825 388 2864 40.
455 2816 636 2867 Quanto
659 2818 698 2857 31
723 2818 966 2869 materiale,
995 2834 1157 2862 ancora
1185 2820 1494 2864 l'habitatione
1517 2823 1553 2864 si
1576 2823 1601 2864 6
1624 2823 1762 2864 molto
1785 2822 1864 2864 mi-

235 2888 422 2941 gliorata
444 2898 487 2930 et
510 2891 729 2943 ampliata,
755 2900 798 2934 et
824 2895 1037 2938 fabricata
1055 2897 1100 2938 di
1119 2911 1276 2939 nuouo
1295 2899 1337 2939 13
1355 2898 1509 2941 chiesa
1527 2900 1583 2941 da
1602 2900 1862 2943 fondamen-

235 2963 281 3013 ti,
310 2965 539 3018 maggiore
562 2967 792 3018 dell’altra,
826 2979 868 3012 et
899 2970 942 3011 in
973 2972 1060 3013 sito
1086 2973 1161 3027 010
1186 2975 1438 3026 commodo,
1458 2982 1503 3016 et
1526 2982 1593 3016 sta
1612 2975 1686 3029 gia
1709 2990 1863 3030 coper-

233 3045 293 3092 ta,
323 3047 365 3080 et
395 3041 428 3080 si
461 3055 594 3094 pensa
625 3045 707 3083 che
738 3045 801 3086 fra
832 3060 890 3087 un
924 3061 1044 3090 mese
1079 3049 1205 3103 potra
1235 3049 1391 3092 diruisi
1420 3064 1580 3094 messa.
1617 3052 1681 3094 La
1710 3052 1861 3094 chiesa
