1891 3292
249 229 318 273 678
760 226 947 258 POLANci
973 232 1288 258 COMPLEMENTA

206 331 259 370 Ρ.
294 328 517 369 Robertus
540 325 820 367 Claissonius
843 324 1155 378 Antuerpiam,
1181 323 1300 365 vnde
1334 336 1435 364 cum
1466 321 1646 364 natione
1677 321 1820 376 hispa-

203 388 301 428 nica
344 385 399 426 ad
423 391 615 438 tempus,
641 384 748 425 dum
773 385 973 427 furerent
995 382 1196 432 heretici,
1217 395 1430 436 egressus
1448 387 1559 432 erat;
1580 387 1624 422 et
1647 380 1820 422 concio—

205 445 299 486 nari
323 443 486 498 coepit,
512 451 598 484 etc.
987 445 990 448 ’

291 515 361 555 40.
430 501 561 543 Initio
585 501 699 554 Iulii,
719 501 764 542 id
787 508 871 554 est,
893 501 937 542 in
961 500 1033 543 die
1065 498 1334 541 visitationis
1357 500 1409 540 Β.
1432 497 1651 552 Virginis,
1675 498 1726 539 P.
1747 510 1821 538 no-

204 570 291 603 ster
317 560 597 615 praepositus
620 574 885 602 communes
907 568 951 601 et
974 559 1082 601 alias
1101 557 1370 600 domesticas
1389 557 1587 612 regulas,
1611 570 1635 596 a
1658 569 1705 597 se
1729 563 1824 610 post

206 621 389 661 multam
424 619 750 661 discussionem
786 625 1039 670 renouatas,
1079 617 1232 658 habito
1270 630 1476 658 sermone
1514 615 1747 670 praeclaro
1783 613 1823 655 in

207 679 399 733 collegio
420 685 572 719 nostro
603 677 922 732 promulgauit.

295 750 367 789 41.
435 738 535 778 Hoc
560 738 650 778 fere
674 745 875 790 tempore
898 750 1000 777 curn
1034 737 1084 779 P.
1111 735 1325 778 X.⁰forus
1355 733 1628 786 RodrigueZ,
1661 746 1684 772 a
1713 746 1826 773 surn—

208 811 279 838 mo
298 796 510 851 pontifice
528 803 715 850 peteret,
739 802 787 836 vt
809 801 1049 837 contentus
1071 801 1205 847 esset,
1246 800 1469 847 quatenus
1506 790 1753 832 cardinales
1775 791 1828 832 ad

208 854 609 910 congregationem
640 853 816 895 concilii
845 853 1060 907 deputati,
1092 852 1397 895 testimonium
1430 849 1660 905 publicum
1693 848 1828 903 ipsius

209 914 434 969 pontificis
462 913 659 963 nomine,
686 913 872 954 reddere
902 919 1083 966 possent
1112 910 1326 955 Societati
1350 918 1548 963 nostrae,
1575 909 1754 962 quando
1775 907 1829 951 de

210 975 344 1015 rebus
367 972 516 1013 dubiis
544 973 599 1013 ad
630 972 869 1013 concilium
895 970 1223 1025 pertinentibus
1252 969 1611 1018 consulerentur,
1637 966 1830 1021 benigne

210 1033 255 1074 id
277 1031 515 1073 concessit.

299 1102 371 1143 42.
440 1091 540 1131 Hoc
571 1102 774 1143 tempore
802 1089 845 1129 in
876 1089 1231 1143 congregatione
1264 1086 1497 1128 constituit
1529 1087 1579 1128 Ρ.
1614 1084 1830 1139 praeposi-

213 1157 300 1199 tus,
327 1161 373 1190 vt
396 1148 636 1203 collegium
661 1149 958 1198 lauretanum,
985 1147 1270 1189 seminarium
1294 1147 1421 1188 fieret
1440 1142 1829 1196 confessariorum,

212 1219 255 1251 et
279 1209 367 1250 due
390 1208 606 1248 lectiones
630 1207 794 1247 ibidem
818 1207 874 1248 de
897 1206 1198 1249 conscientiae
1221 1205 1399 1247 casibus
1422 1205 1698 1257 legerentur,
1727 1215 1833 1255 quas

211 1267 239 1308 '1i
264 1267 471 1308 audirent
489 1266 563 1320 qui
583 1266 637 1307 ad
661 1265 916 1319 hujusmodi
941 1265 1237 1307 ministerium
1262 1271 1598 1319 praeparantur;
1625 1268 1669 1304 et
1691 1268 1738 1301 vt
1756 1260 1827 1301 do
1890 1306 1891 1309 Ἴ

213 1340 312 1366 mus
343 1325 622 1380 probationis
645 1339 759 1378 quae
788 1324 951 1366 ibidem
982 1331 1062 1374 est,
1093 1324 1178 1365 alio
1209 1325 1541 1365 transferretur.
1575 1320 1836 1362 Destinatus

211 1392 279 1426 est
309 1394 460 1426 autem
495 1391 641 1425 rector
674 1385 722 1425 P.
757 1383 1024 1425 Vincentius
1059 1385 1256 1434 Brunus;
1293 1380 1611 1423 maceratensis
1643 1377 1834 1432 collegii,

212 1445 263 1485 P.
293 1445 510 1485 Alfonsus
534 1442 774 1497 Sgariglia,
800 1456 921 1483 nunc
947 1449 1092 1484 rector
1114 1441 1393 1492 florentinus;
1421 1439 1495 1480 cui
1518 1451 1750 1479 successor
1773 1437 1835 1478 fu-

213 1510 354 1554 turus,
383 1504 432 1544 P.
461 1502 766 1555 Hieronymus
805 1500 1006 1551 Rubiola,
1027 1509 1173 1542 rector
1196 1499 1414 1551 senensis3
1441 1498 1546 1540 huic
1576 1498 1765 1538 Ioannes
1785 1496 1836 1537 de

215 1561 464 1615 Majoribus
487 1561 745 1601 nominatus
768 1568 851 1612 est,
879 1568 925 1600 vt
949 1560 1079 1603 Senis
1103 1567 1249 1601 rector
1272 1566 1405 1600 esset.

303 1633 377 1673 43.
447 1621 614 1661 Eodem
640 1633 794 1661 mense
817 1633 918 1660 cum
946 1619 1037 1660 dux
1062 1618 1314 1661 Sabaudiae
1337 1631 1415 1672 per
1439 1616 1608 1657 litteras
1632 1621 1838 1668 petereta

216 1681 265 1721 P.
304 1687 457 1720 nostro
489 1678 688 1733 generali
718 1685 765 1719 vt
795 1678 978 1720 Taurini
1013 1677 1230 1720 lectiones
1259 1677 1506 1717 litterarum
1528 1671 1835 1714 humaniorum

216 1738 510 1790 haberentur,
534 1751 635 1778 cum
656 1737 751 1791 ipse
771 1749 857 1779 200
879 1751 1042 1778 aureos
1059 1737 1164 1777 anni
1189 1735 1389 1777 redditus
1412 1733 1507 1776 aliis
1532 1746 1614 1785 300
1637 1729 1720 1772 D.ni
1738 1731 1836 1772 Ale-

216 1797 325 1838 rami
350 1797 609 1850 addidisset,
638 1804 682 1838 et
701 1796 880 1837 nomine
898 1795 1094 1837 ciuitatis
1119 1807 1198 1837 100
1216 1795 1287 1836 alii
1310 1794 1595 1843 adderentur,
1614 1790 1758 1831 visum
1775 1795 1839 1830 est

215 1863 315 1910 post
350 1855 744 1907 consultationem,
793 1855 913 1896 Patri
953 1863 1124 1907 nostro,
1173 1853 1458 1908 respondere,
1498 1857 1759 1893 secuturum
1795 1861 1839 1890 Se

215 1914 586 1968 congregationis
625 1914 852 1968 generalis
890 1914 1106 1964 ordinem,
1139 1927 1254 1966 quae
1291 1911 1364 1952 vbi
1404 1923 1459 1953 20
1496 1924 1550 1951 ex
1590 1907 1752 1950 nostris
1787 1906 1838 1947 ali

216 1983 425 2027 possunt,
475 1986 498 2026 3
540 1982 854 2027 praeceptores
897 1979 940 2014 et
984 1987 1121 2013 vnum
1166 1972 1229 2014 eis
1273 1970 1568 2012 substitutum
1612 1966 1705 2008 dari
1748 1979 1838 2020 per-

217 2040 365 2074 mlttlt.

305 2103 376 2143 44.
446 2091 613 2132 Eodem
634 2090 706 2131 die
730 2104 831 2130 curn
851 2089 1090 2143 episcopus
1112 2087 1439 2143 herbipolensis
1476 2094 1716 2129 contentus
1739 2085 1840 2127 fuis-

215 2156 282 2191 set
312 2164 366 2191 ex
396 2150 695 2190 instrumento
725 2147 965 2189 dotationis
995 2162 1126 2201 quam
1155 2149 1335 2197 fecerat,
1362 2146 1667 2201 obligationes
1690 2152 1839 2187 nostro

216 2208 425 2249 instituto
465 2223 551 2249 non
596 2215 922 2249 consentaneas
962 2220 1210 2255 remouere,
1257 2205 1550 2247 concionandi
1590 2205 1761 2246 scilicet
1798 2209 1839 2243 et

218 2268 490 2321 theologiam
524 2266 730 2319 docendi,
768 2266 872 2320 quin
907 2272 950 2305 et
991 2265 1296 2320 philosophiae
1330 2264 1553 2306 omisisset
1587 2263 1836 2318 magistrOS,

219 2326 270 2367 P.
298 2334 452 2368 noster
477 2325 758 2380 praepositus
782 2324 960 2365 admisit
986 2332 1028 2366 et
1052 2323 1356 2367 confirmauit.

307 2395 378 2437 45.
447 2386 562 2427 Cum
589 2386 639 2427 Ρ.
666 2384 865 2426 Didacus
889 2384 1036 2437 Lopez
1060 2390 1103 2425 et
1127 2383 1236 2423 socii
1260 2383 1356 2424 eius
1393 2383 1476 2423 sub
1502 2383 1615 2424 festa
1639 2388 1837 2436 penteco-

219 2450 311 2485 stes
336 2444 609 2496 Tenarifem‚
635 2451 677 2485 et
701 2443 863 2485 deinde
886 2442 930 2482 in
955 2455 1164 2495 magnam
1188 2441 1423 2484 Canariam
1450 2440 1775 2495 peruenissent,
1799 2437 1840 2478 in

219 2502 550 2553 concionando,
577 2512 620 2543 et
642 2502 845 2543 doctrina
869 2499 1015 2542 x.³ana
1038 2501 1240 2543 docenda
1263 2500 1486 2554 insignem
1510 2501 1705 2541 fructum
1731 2495 1838 2551 (epi-

219 2574 358 2615 scopo
383 2562 645 2613 adiuuante)
671 2567 896 2615 reportare
919 2559 1052 2612 cepit.

304 2620 377 2672 46.
448 2621 658 2662 Eiusdem
685 2621 775 2661 fere
799 2618 1009 2672 temporis
1032 2618 1205 2660 litterae
1224 2633 1247 2659 a
1272 2617 1452 2659 Florida
1471 2617 1591 2658 India
1616 2617 1659 2658 in
1686 2614 1840 2668 Hispa-

220 2678 354 2732 niam,
388 2688 431 2721 et
461 2681 642 2722 demum
674 2680 860 2720 Romam
886 2684 1205 2731 peruenerunt,
1233 2692 1257 2718 a
1284 2679 1332 2718 P.
1361 2678 1526 2718 Ioanne
1556 2677 1716 2730 Rogel,
1743 2671 1838 2726 qui-

219 2738 303 2778 bus
334 2746 536 2792 apertum
568 2738 731 2779 ostium
764 2737 819 2779 ad
848 2736 1053 2777 indorum
1084 2735 1441 2787 Conuersionem,
1473 2735 1728 2787 multosque
1760 2731 1839 2771 iam

220 2809 464 2839 conuersos
487 2798 764 2839 intellectum
789 2801 871 2838 est.
894 2795 1009 2836 Cum
1034 2804 1181 2836 autem
1202 2795 1257 2836 D.
1288 2795 1448 2835 Petrus
1472 2793 1736 2844 Menendez,
1757 2790 1842 2830 dux

222 2868 272 2895 ac
296 2856 548 2909 praefectus
568 2856 665 2899 eius
688 2854 901 2909 regionis,
929 2854 983 2895 ad
1008 2867 1158 2907 regem
1188 2852 1442 2907 Philippum
1468 2852 1680 2902 venisset,
1706 2856 1750 2892 et
1767 2847 1840 2889 ini-

223 2912 281 2954 tia
312 2928 694 2969 progressumque
723 2912 1033 2955 conuersionis
1063 2911 1198 2952 huius
1227 2911 1469 2961 retulisset,
1502 2910 1610 2952 alios
1639 2924 1693 2951 eo
1715 2904 1843 2961 regiis

223 2971 435 3026 impensis
466 2975 521 3016 de
551 2973 778 3017 Societate
807 2971 921 3013 mitti
953 2971 1227 3025 impetrauit,
1259 2978 1303 3013 et
1332 2985 1388 3012 ne
1411 2970 1498 3010 vlla
1521 2984 1576 3012 ex
1599 2966 1840 3022 relligione,

226 3038 547 3086 praeterquam
566 3047 620 3075 ex
639 3038 805 3082 nostra,
825 3045 878 3072 eo
902 3029 983 3071 viri
1004 3029 1215 3084 relligiosi
1235 3029 1534 3071 mitterentur.
1549 3030 1684 3070 Pater
1700 3032 1841 3067 autem
