<?xml version="1.0" encoding="UTF-8"?>
<!DOCTYPE html PUBLIC "-//W3C//DTD XHTML 1.0 Transitional//EN"
    "http://www.w3.org/TR/xhtml1/DTD/xhtml1-transitional.dtd">
<html xmlns="http://www.w3.org/1999/xhtml" xml:lang="en" lang="en">
 <head>
  <title>
</title>
<meta http-equiv="Content-Type" content="text/html;charset=utf-8" />
  <meta name='ocr-system' content='tesseract 3.04.00' />
  <meta name='ocr-capabilities' content='ocr_page ocr_carea ocr_par ocr_line ocrx_word'/>
</head>
<body>
  <div class='ocr_page' id='page_1' title='image "./polancicomplemen07pola_0704.png"; bbox 0 0 1891 3292; ppageno 0'>
   <div class='ocr_carea' id='block_1_1' title="bbox 276 190 1306 231">
    <p class='ocr_par' dir='ltr' id='par_1_1' title="bbox 276 190 1306 231">
     <span class='ocr_line' id='line_1_1' title="bbox 276 190 1306 231; baseline -0.004 -6"><span class='ocrx_word' id='word_1_1' title='bbox 276 192 345 226; x_wconf 76' lang='lat'>682</span> <span class='ocrx_word' id='word_1_2' title='bbox 781 190 964 231; x_wconf 77' lang='lat' dir='ltr'>PoLANc1</span> <span class='ocrx_word' id='word_1_3' title='bbox 992 197 1306 223; x_wconf 71' lang='lat' dir='ltr'><strong>COMPLEMfflNTA</strong></span> 
     </span>
    </p>
   </div>
   <div class='ocr_carea' id='block_1_2' title="bbox 229 287 1891 3051">
    <p class='ocr_par' dir='ltr' id='par_1_2' title="bbox 229 287 1891 578">
     <span class='ocr_line' id='line_1_2' title="bbox 229 287 1850 346; baseline 0 -13"><span class='ocrx_word' id='word_1_4' title='bbox 229 291 457 346; x_wconf 78' lang='lat' dir='ltr'>superiore</span> <span class='ocrx_word' id='word_1_5' title='bbox 482 291 738 332; x_wconf 79' lang='lat' dir='ltr'>facultatem</span> <span class='ocrx_word' id='word_1_6' title='bbox 764 289 1045 331; x_wconf 89' lang='lat' dir='ltr'>mendicandi</span> <span class='ocrx_word' id='word_1_7' title='bbox 1062 304 1139 343; x_wconf 88' lang='lat' dir='ltr'>per</span> <span class='ocrx_word' id='word_1_8' title='bbox 1164 289 1348 341; x_wconf 85' lang='lat' dir='ltr'><strong>Vrbem,</strong></span> <span class='ocrx_word' id='word_1_9' title='bbox 1374 287 1503 330; x_wconf 91' lang='lat' dir='ltr'>simul</span> <span class='ocrx_word' id='word_1_10' title='bbox 1527 302 1629 329; x_wconf 87' lang='lat' dir='ltr'>cum</span> <span class='ocrx_word' id='word_1_11' title='bbox 1654 289 1850 333; x_wconf 82' lang='lat' dir='ltr'>Antonio</span> 
     </span>
     <span class='ocr_line' id='line_1_3' title="bbox 231 346 1891 403; baseline 0 -13"><span class='ocrx_word' id='word_1_12' title='bbox 231 349 506 391; x_wconf 89' lang='lat' dir='ltr'>Vicecomite</span> <span class='ocrx_word' id='word_1_13' title='bbox 530 348 573 389; x_wconf 90' lang='lat' dir='ltr'>in</span> <span class='ocrx_word' id='word_1_14' title='bbox 597 348 819 403; x_wconf 77' lang='lat' dir='ltr'>palacium</span> <span class='ocrx_word' id='word_1_15' title='bbox 848 348 994 402; x_wconf 91' lang='lat' dir='ltr'>ipsum</span> <span class='ocrx_word' id='word_1_16' title='bbox 1023 362 1165 401; x_wconf 85' lang='lat' dir='ltr'>Vsque</span> <span class='ocrx_word' id='word_1_17' title='bbox 1193 347 1248 388; x_wconf 89' lang='lat' dir='ltr'>ad</span> <span class='ocrx_word' id='word_1_18' title='bbox 1271 346 1479 388; x_wconf 90' lang='lat' dir='ltr'>cubicula</span> <span class='ocrx_word' id='word_1_19' title='bbox 1501 346 1656 388; x_wconf 89' lang='lat' dir='ltr'>intima</span> <span class='ocrx_word' id='word_1_20' title='bbox 1680 348 1849 401; x_wconf 90' lang='lat' dir='ltr'>pontifi·</span> <span class='ocrx_word' id='word_1_21' title='bbox 1888 367 1891 378; x_wconf 33' lang='grc' dir='ltr'>π</span> 
     </span>
     <span class='ocr_line' id='line_1_4' title="bbox 229 405 1850 461; baseline 0 -12"><span class='ocrx_word' id='word_1_22' title='bbox 229 408 292 449; x_wconf 92' lang='lat' dir='ltr'>cis</span> <span class='ocrx_word' id='word_1_23' title='bbox 316 415 359 450; x_wconf 87' lang='lat' dir='ltr'>et</span> <span class='ocrx_word' id='word_1_24' title='bbox 380 407 617 449; x_wconf 88' lang='lat' dir='ltr'>cardinalis</span> <span class='ocrx_word' id='word_1_25' title='bbox 641 406 950 458; x_wconf 76' lang='lat' dir='ltr'>Alexandrini,</span> <span class='ocrx_word' id='word_1_26' title='bbox 975 414 1018 449; x_wconf 90' lang='lat' dir='ltr'>et</span> <span class='ocrx_word' id='word_1_27' title='bbox 1043 406 1329 461; x_wconf 79' lang='lat' dir='ltr'>principissae</span> <span class='ocrx_word' id='word_1_28' title='bbox 1360 407 1603 448; x_wconf 89' lang='lat' dir='ltr'>Sulmonae</span> <span class='ocrx_word' id='word_1_29' title='bbox 1631 405 1728 447; x_wconf 87' lang='lat' dir='ltr'>eius</span> <span class='ocrx_word' id='word_1_30' title='bbox 1750 420 1850 449; x_wconf 90' lang='lat' dir='ltr'>con-</span> 
     </span>
     <span class='ocr_line' id='line_1_5' title="bbox 230 464 1846 521; baseline 0.001 -13"><span class='ocrx_word' id='word_1_31' title='bbox 230 466 521 521; x_wconf 77' lang='lat' dir='ltr'>sanguineae,</span> <span class='ocrx_word' id='word_1_32' title='bbox 548 480 649 507; x_wconf 92' lang='lat' dir='ltr'>cum</span> <span class='ocrx_word' id='word_1_33' title='bbox 680 479 811 507; x_wconf 87' lang='lat' dir='ltr'>sacco</span> <span class='ocrx_word' id='word_1_34' title='bbox 839 465 1123 520; x_wconf 88' lang='lat' dir='ltr'>perueniens,</span> <span class='ocrx_word' id='word_1_35' title='bbox 1157 473 1201 506; x_wconf 93' lang='lat' dir='ltr'>et</span> <span class='ocrx_word' id='word_1_36' title='bbox 1230 465 1286 505; x_wconf 89' lang='lat' dir='ltr'>ad</span> <span class='ocrx_word' id='word_1_37' title='bbox 1315 464 1423 505; x_wconf 92' lang='lat' dir='ltr'>alios</span> <span class='ocrx_word' id='word_1_38' title='bbox 1446 464 1692 506; x_wconf 86' lang='lat' dir='ltr'>cardinales</span> <span class='ocrx_word' id='word_1_39' title='bbox 1721 478 1846 509; x_wconf 86' lang='lat' dir='ltr'>acce-</span> 
     </span>
     <span class='ocr_line' id='line_1_6' title="bbox 229 523 1434 578; baseline -0.003 -11"><span class='ocrx_word' id='word_1_40' title='bbox 229 526 357 578; x_wconf 85' lang='lat' dir='ltr'>dens,</span> <span class='ocrx_word' id='word_1_41' title='bbox 382 524 664 567; x_wconf 83' lang='lat' dir='ltr'>admirationi</span> <span class='ocrx_word' id='word_1_42' title='bbox 688 538 895 578; x_wconf 87' lang='lat' dir='ltr'>magnae,</span> <span class='ocrx_word' id='word_1_43' title='bbox 922 523 1311 577; x_wconf 85' lang='lat' dir='ltr'>aedificationique</span> <span class='ocrx_word' id='word_1_44' title='bbox 1336 523 1434 564; x_wconf 89' lang='lat' dir='ltr'>fuit.</span> 
     </span>
    </p>

    <p class='ocr_par' dir='ltr' id='par_1_3' title="bbox 231 580 1891 1751">
     <span class='ocr_line' id='line_1_7' title="bbox 319 580 1854 637; baseline -0.001 -11"><span class='ocrx_word' id='word_1_45' title='bbox 319 595 389 636; x_wconf 83' lang='lat'>71.</span> <span class='ocrx_word' id='word_1_46' title='bbox 456 584 570 625; x_wconf 88' lang='lat' dir='ltr'>Cum</span> <span class='ocrx_word' id='word_1_47' title='bbox 597 584 681 624; x_wconf 88' lang='lat' dir='ltr'>sub</span> <span class='ocrx_word' id='word_1_48' title='bbox 707 583 839 625; x_wconf 84' lang='lat' dir='ltr'>finem</span> <span class='ocrx_word' id='word_1_49' title='bbox 864 583 1158 637; x_wconf 77' lang='lat' dir='ltr'>Septembris,</span> <span class='ocrx_word' id='word_1_50' title='bbox 1185 581 1371 624; x_wconf 88' lang='lat' dir='ltr'>heretici</span> <span class='ocrx_word' id='word_1_51' title='bbox 1395 581 1437 622; x_wconf 92' lang='lat' dir='ltr'>in</span> <span class='ocrx_word' id='word_1_52' title='bbox 1461 580 1625 631; x_wconf 87' lang='lat' dir='ltr'>Gallia,</span> <span class='ocrx_word' id='word_1_53' title='bbox 1647 580 1854 626; x_wconf 89' lang='lat' dir='ltr'>latissime</span> 
     </span>
     <span class='ocr_line' id='line_1_8' title="bbox 231 639 1854 697; baseline -0.001 -12"><span class='ocrx_word' id='word_1_54' title='bbox 231 650 414 697; x_wconf 73' lang='lat' dir='ltr'>patente</span> <span class='ocrx_word' id='word_1_55' title='bbox 448 642 776 692; x_wconf 64' lang='lat' dir='ltr'>coniuratione,</span> <span class='ocrx_word' id='word_1_56' title='bbox 808 655 998 696; x_wconf 81' lang='lat' dir='ltr'>regnum</span> <span class='ocrx_word' id='word_1_57' title='bbox 1028 642 1136 683; x_wconf 90' lang='lat' dir='ltr'>illud</span> <span class='ocrx_word' id='word_1_58' title='bbox 1166 641 1381 682; x_wconf 86' lang='lat' dir='ltr'>inuadere</span> <span class='ocrx_word' id='word_1_59' title='bbox 1427 639 1782 692; x_wconf 84' lang='lat' dir='ltr'>constituissent,</span> <span class='ocrx_word' id='word_1_60' title='bbox 1812 649 1854 683; x_wconf 85' lang='lat' dir='ltr'>et</span> 
     </span>
     <span class='ocr_line' id='line_1_9' title="bbox 232 697 1852 756; baseline -0.002 -13"><span class='ocrx_word' id='word_1_61' title='bbox 232 703 508 756; x_wconf 82' lang='lat' dir='ltr'>Lugdunum</span> <span class='ocrx_word' id='word_1_62' title='bbox 533 701 617 742; x_wconf 91' lang='lat' dir='ltr'>iam</span> <span class='ocrx_word' id='word_1_63' title='bbox 644 701 731 742; x_wconf 90' lang='lat' dir='ltr'>iam</span> <span class='ocrx_word' id='word_1_64' title='bbox 761 700 1023 754; x_wconf 86' lang='lat' dir='ltr'>occupaturi</span> <span class='ocrx_word' id='word_1_65' title='bbox 1052 707 1219 753; x_wconf 78' lang='lat' dir='ltr'>essent,</span> <span class='ocrx_word' id='word_1_66' title='bbox 1256 702 1304 741; x_wconf 93' lang='lat' dir='ltr'>P.</span> <span class='ocrx_word' id='word_1_67' title='bbox 1341 699 1575 740; x_wconf 88' lang='lat' dir='ltr'>Emundus</span> <span class='ocrx_word' id='word_1_68' title='bbox 1604 697 1852 752; x_wconf 89' lang='lat' dir='ltr'>prouincia-</span> 
     </span>
     <span class='ocr_line' id='line_1_10' title="bbox 231 756 1852 814; baseline -0.001 -13"><span class='ocrx_word' id='word_1_69' title='bbox 231 761 300 810; x_wconf 89' lang='lat' dir='ltr'>lis,</span> <span class='ocrx_word' id='word_1_70' title='bbox 322 760 551 802; x_wconf 89' lang='lat' dir='ltr'>ciuitatem</span> <span class='ocrx_word' id='word_1_71' title='bbox 572 761 627 801; x_wconf 90' lang='lat' dir='ltr'>ad</span> <span class='ocrx_word' id='word_1_72' title='bbox 645 757 766 801; x_wconf 68' lang='lat' dir='ltr'>arina</span> <span class='ocrx_word' id='word_1_73' title='bbox 784 760 1001 814; x_wconf 87' lang='lat' dir='ltr'>capienda</span> <span class='ocrx_word' id='word_1_74' title='bbox 1019 760 1241 808; x_wconf 83' lang='lat' dir='ltr'>hortatus,</span> <span class='ocrx_word' id='word_1_75' title='bbox 1264 766 1307 800; x_wconf 90' lang='lat' dir='ltr'>et</span> <span class='ocrx_word' id='word_1_76' title='bbox 1326 758 1675 812; x_wconf 81' lang='lat' dir='ltr'>gubernatorem</span> <span class='ocrx_word' id='word_1_77' title='bbox 1694 756 1852 810; x_wconf 87' lang='lat' dir='ltr'>ipsum,</span> 
     </span>
     <span class='ocr_line' id='line_1_11' title="bbox 234 817 1856 873; baseline -0.001 -13"><span class='ocrx_word' id='word_1_78' title='bbox 234 833 337 860; x_wconf 89' lang='lat' dir='ltr'>cum</span> <span class='ocrx_word' id='word_1_79' title='bbox 365 820 485 873; x_wconf 83' lang='lat' dir='ltr'>apud</span> <span class='ocrx_word' id='word_1_80' title='bbox 514 833 670 860; x_wconf 90' lang='lat' dir='ltr'>omnes</span> <span class='ocrx_word' id='word_1_81' title='bbox 700 818 845 873; x_wconf 86' lang='lat' dir='ltr'>gratia</span> <span class='ocrx_word' id='word_1_82' title='bbox 875 819 1042 861; x_wconf 88' lang='lat' dir='ltr'>valeret</span> <span class='ocrx_word' id='word_1_83' title='bbox 1072 833 1159 859; x_wconf 89' lang='lat' dir='ltr'>non</span> <span class='ocrx_word' id='word_1_84' title='bbox 1190 817 1359 859; x_wconf 85' lang='lat' dir='ltr'>destitit</span> <span class='ocrx_word' id='word_1_85' title='bbox 1387 817 1534 857; x_wconf 92' lang='lat' dir='ltr'>donec</span> <span class='ocrx_word' id='word_1_86' title='bbox 1562 823 1606 858; x_wconf 91' lang='lat' dir='ltr'>et</span> <span class='ocrx_word' id='word_1_87' title='bbox 1635 825 1788 869; x_wconf 87' lang='lat' dir='ltr'>portae</span> <span class='ocrx_word' id='word_1_88' title='bbox 1816 825 1856 859; x_wconf 90' lang='lat' dir='ltr'>et</span> 
     </span>
     <span class='ocr_line' id='line_1_12' title="bbox 233 875 1856 932; baseline 0 -14"><span class='ocrx_word' id='word_1_89' title='bbox 233 877 333 919; x_wconf 86' lang='lat' dir='ltr'>viae</span> <span class='ocrx_word' id='word_1_90' title='bbox 376 878 582 932; x_wconf 89' lang='lat' dir='ltr'>publicae</span> <span class='ocrx_word' id='word_1_91' title='bbox 605 877 868 932; x_wconf 83' lang='lat' dir='ltr'>opportunis</span> <span class='ocrx_word' id='word_1_92' title='bbox 891 878 1000 918; x_wconf 90' lang='lat' dir='ltr'>locis</span> <span class='ocrx_word' id='word_1_93' title='bbox 1030 892 1054 918; x_wconf 90' lang='lat' dir='ltr'>a</span> <span class='ocrx_word' id='word_1_94' title='bbox 1082 876 1316 918; x_wconf 87' lang='lat' dir='ltr'>catholicis</span> <span class='ocrx_word' id='word_1_95' title='bbox 1346 875 1646 925; x_wconf 83' lang='lat' dir='ltr'>munirentur3</span> <span class='ocrx_word' id='word_1_96' title='bbox 1677 875 1795 917; x_wconf 87' lang='lat' dir='ltr'>vnde</span> <span class='ocrx_word' id='word_1_97' title='bbox 1815 885 1856 918; x_wconf 86' lang='lat' dir='ltr'>et</span> 
     </span>
     <span class='ocr_line' id='line_1_13' title="bbox 231 933 1891 994; baseline -0.002 -16"><span class='ocrx_word' id='word_1_98' title='bbox 231 936 479 994; x_wconf 80' lang='lat' dir='ltr'>haer[et]ici</span> <span class='ocrx_word' id='word_1_99' title='bbox 504 936 700 991; x_wconf 89' lang='lat' dir='ltr'>primarii</span> <span class='ocrx_word' id='word_1_100' title='bbox 726 937 844 977; x_wconf 87' lang='lat' dir='ltr'>foras</span> <span class='ocrx_word' id='word_1_101' title='bbox 867 936 1023 990; x_wconf 81' lang='lat' dir='ltr'>egredi</span> <span class='ocrx_word' id='word_1_102' title='bbox 1046 935 1190 976; x_wconf 87' lang='lat' dir='ltr'>coacti</span> <span class='ocrx_word' id='word_1_103' title='bbox 1213 943 1334 987; x_wconf 87' lang='lat' dir='ltr'>sunt,</span> <span class='ocrx_word' id='word_1_104' title='bbox 1361 942 1405 976; x_wconf 93' lang='lat' dir='ltr'>et</span> <span class='ocrx_word' id='word_1_105' title='bbox 1428 933 1588 975; x_wconf 89' lang='lat' dir='ltr'>ciuitas</span> <span class='ocrx_word' id='word_1_106' title='bbox 1625 947 1650 974; x_wconf 91' lang='lat' dir='ltr'>a</span> <span class='ocrx_word' id='word_1_107' title='bbox 1673 933 1855 975; x_wconf 89' lang='lat' dir='ltr'>nefario·</span> <span class='ocrx_word' id='word_1_108' title='bbox 1888 963 1891 967; x_wconf 83' lang='lat'><em>-</em></span> 
     </span>
     <span class='ocr_line' id='line_1_14' title="bbox 237 993 1885 1049; baseline -0.002 -12"><span class='ocrx_word' id='word_1_109' title='bbox 237 1010 334 1037; x_wconf 90' lang='lat' dir='ltr'>rum</span> <span class='ocrx_word' id='word_1_110' title='bbox 374 995 606 1037; x_wconf 89' lang='lat' dir='ltr'>hominum</span> <span class='ocrx_word' id='word_1_111' title='bbox 640 996 792 1037; x_wconf 85' lang='lat' dir='ltr'>furore</span> <span class='ocrx_word' id='word_1_112' title='bbox 824 1003 992 1049; x_wconf 81' lang='lat' dir='ltr'>erepta3</span> <span class='ocrx_word' id='word_1_113' title='bbox 1029 1009 1145 1048; x_wconf 86' lang='lat' dir='ltr'>quae</span> <span class='ocrx_word' id='word_1_114' title='bbox 1178 993 1214 1034; x_wconf 92' lang='lat' dir='ltr'>si</span> <span class='ocrx_word' id='word_1_115' title='bbox 1247 995 1359 1034; x_wconf 85' lang='lat' dir='ltr'>duas</span> <span class='ocrx_word' id='word_1_116' title='bbox 1393 993 1529 1033; x_wconf 90' lang='lat' dir='ltr'>horas</span> <span class='ocrx_word' id='word_1_117' title='bbox 1561 999 1854 1046; x_wconf 82' lang='lat' dir='ltr'>expectasset,</span> <span class='ocrx_word' id='word_1_118' title='bbox 1884 1023 1885 1026; x_wconf 19' lang='grc' dir='ltr'>η</span> 
     </span>
     <span class='ocr_line' id='line_1_15' title="bbox 233 1050 1891 1109; baseline -0.002 -13"><span class='ocrx_word' id='word_1_119' title='bbox 233 1054 527 1109; x_wconf 87' lang='lat' dir='ltr'>opprimenda</span> <span class='ocrx_word' id='word_1_120' title='bbox 550 1061 660 1103; x_wconf 81' lang='lat' dir='ltr'>erat3</span> <span class='ocrx_word' id='word_1_121' title='bbox 693 1062 737 1095; x_wconf 92' lang='lat' dir='ltr'>et</span> <span class='ocrx_word' id='word_1_122' title='bbox 766 1054 847 1108; x_wconf 89' lang='lat' dir='ltr'>ipsi</span> <span class='ocrx_word' id='word_1_123' title='bbox 882 1056 932 1095; x_wconf 91' lang='lat' dir='ltr'>P.</span> <span class='ocrx_word' id='word_1_124' title='bbox 966 1054 1222 1095; x_wconf 86' lang='lat' dir='ltr'>Ernundum</span> <span class='ocrx_word' id='word_1_125' title='bbox 1252 1052 1403 1093; x_wconf 90' lang='lat' dir='ltr'>viuum</span> <span class='ocrx_word' id='word_1_126' title='bbox 1435 1065 1585 1092; x_wconf 89' lang='lat' dir='ltr'>assare</span> <span class='ocrx_word' id='word_1_127' title='bbox 1616 1053 1682 1103; x_wconf 82' lang='lat' dir='ltr'>(vt</span> <span class='ocrx_word' id='word_1_128' title='bbox 1710 1050 1855 1094; x_wconf 89' lang='lat' dir='ltr'>scribi·</span> <span class='ocrx_word' id='word_1_129' title='bbox 1889 1068 1891 1070; x_wconf 86' lang='lat'>·</span> 
     </span>
     <span class='ocr_line' id='line_1_16' title="bbox 235 1110 1885 1167; baseline -0.001 -13"><span class='ocrx_word' id='word_1_130' title='bbox 235 1115 322 1167; x_wconf 89' lang='lat' dir='ltr'>tur)</span> <span class='ocrx_word' id='word_1_131' title='bbox 357 1113 702 1165; x_wconf 89' lang='lat' dir='ltr'>constituerant,</span> <span class='ocrx_word' id='word_1_132' title='bbox 738 1112 897 1154; x_wconf 91' lang='lat' dir='ltr'>occisis</span> <span class='ocrx_word' id='word_1_133' title='bbox 931 1112 1026 1153; x_wconf 88' lang='lat' dir='ltr'>aliis</span> <span class='ocrx_word' id='word_1_134' title='bbox 1056 1114 1111 1154; x_wconf 90' lang='lat' dir='ltr'>de</span> <span class='ocrx_word' id='word_1_135' title='bbox 1141 1111 1370 1154; x_wconf 85' lang='lat' dir='ltr'>Societate</span> <span class='ocrx_word' id='word_1_136' title='bbox 1401 1118 1567 1152; x_wconf 91' lang='lat' dir='ltr'>nostra.</span> <span class='ocrx_word' id='word_1_137' title='bbox 1600 1110 1745 1163; x_wconf 87' lang='lat' dir='ltr'>Supra</span> <span class='ocrx_word' id='word_1_138' title='bbox 1774 1110 1855 1152; x_wconf 92' lang='lat' dir='ltr'>duo</span> <span class='ocrx_word' id='word_1_139' title='bbox 1884 1139 1885 1142; x_wconf 59' lang='lat'><em>=</em></span> 
     </span>
     <span class='ocr_line' id='line_1_17' title="bbox 234 1168 1855 1223; baseline -0.002 -10"><span class='ocrx_word' id='word_1_140' title='bbox 234 1172 370 1214; x_wconf 89' lang='lat' dir='ltr'>millia</span> <span class='ocrx_word' id='word_1_141' title='bbox 392 1172 722 1214; x_wconf 88' lang='lat' dir='ltr'>haereticorum</span> <span class='ocrx_word' id='word_1_142' title='bbox 748 1172 953 1213; x_wconf 87' lang='lat' dir='ltr'>feruntur</span> <span class='ocrx_word' id='word_1_143' title='bbox 976 1184 1212 1222; x_wconf 89' lang='lat' dir='ltr'>conuersa;</span> <span class='ocrx_word' id='word_1_144' title='bbox 1240 1169 1479 1221; x_wconf 86' lang='lat' dir='ltr'>haeresim,</span> <span class='ocrx_word' id='word_1_145' title='bbox 1506 1183 1640 1223; x_wconf 89' lang='lat' dir='ltr'>opera</span> <span class='ocrx_word' id='word_1_146' title='bbox 1670 1170 1720 1210; x_wconf 88' lang='lat' dir='ltr'>P.</span> <span class='ocrx_word' id='word_1_147' title='bbox 1748 1168 1855 1210; x_wconf 84' lang='lat' dir='ltr'>eius-</span> 
     </span>
     <span class='ocr_line' id='line_1_18' title="bbox 234 1227 1888 1282; baseline -0.002 -10"><span class='ocrx_word' id='word_1_148' title='bbox 234 1232 334 1273; x_wconf 88' lang='lat' dir='ltr'>dem</span> <span class='ocrx_word' id='word_1_149' title='bbox 370 1231 581 1275; x_wconf 87' lang='lat' dir='ltr'>Emundi.</span> <span class='ocrx_word' id='word_1_150' title='bbox 618 1231 862 1273; x_wconf 86' lang='lat' dir='ltr'>abiurasse.</span> <span class='ocrx_word' id='word_1_151' title='bbox 900 1232 1196 1272; x_wconf 92' lang='lat' dir='ltr'>Turnonense</span> <span class='ocrx_word' id='word_1_152' title='bbox 1229 1228 1471 1282; x_wconf 86' lang='lat' dir='ltr'>collegium</span> <span class='ocrx_word' id='word_1_153' title='bbox 1506 1234 1723 1279; x_wconf 89' lang='lat' dir='ltr'>nostrum,</span> <span class='ocrx_word' id='word_1_154' title='bbox 1757 1227 1855 1269; x_wconf 92' lang='lat' dir='ltr'>dum</span> <span class='ocrx_word' id='word_1_155' title='bbox 1886 1243 1888 1246; x_wconf 68' lang='grc'>’</span> 
     </span>
     <span class='ocr_line' id='line_1_19' title="bbox 234 1285 1854 1343; baseline -0.002 -12"><span class='ocrx_word' id='word_1_156' title='bbox 234 1290 449 1333; x_wconf 90' lang='lat' dir='ltr'>haeretici</span> <span class='ocrx_word' id='word_1_157' title='bbox 489 1290 613 1340; x_wconf 84' lang='lat' dir='ltr'>hinc,</span> <span class='ocrx_word' id='word_1_158' title='bbox 640 1289 847 1332; x_wconf 89' lang='lat' dir='ltr'>catholici</span> <span class='ocrx_word' id='word_1_159' title='bbox 871 1289 953 1330; x_wconf 86' lang='lat' dir='ltr'>sibi</span> <span class='ocrx_word' id='word_1_160' title='bbox 979 1297 1162 1343; x_wconf 86' lang='lat' dir='ltr'>propter</span> <span class='ocrx_word' id='word_1_161' title='bbox 1193 1295 1371 1329; x_wconf 87' lang='lat' dir='ltr'>nostros</span> <span class='ocrx_word' id='word_1_162' title='bbox 1401 1287 1626 1335; x_wconf 87' lang='lat' dir='ltr'>timentes,</span> <span class='ocrx_word' id='word_1_163' title='bbox 1656 1285 1775 1327; x_wconf 90' lang='lat' dir='ltr'>illinc</span> <span class='ocrx_word' id='word_1_164' title='bbox 1795 1300 1854 1328; x_wconf 90' lang='lat' dir='ltr'>vr-</span> 
     </span>
     <span class='ocr_line' id='line_1_20' title="bbox 235 1345 1891 1404; baseline -0.002 -13"><span class='ocrx_word' id='word_1_165' title='bbox 235 1357 413 1404; x_wconf 85' lang='lat' dir='ltr'>gerent,</span> <span class='ocrx_word' id='word_1_166' title='bbox 460 1349 505 1390; x_wconf 93' lang='lat' dir='ltr'>in</span> <span class='ocrx_word' id='word_1_167' title='bbox 550 1349 798 1392; x_wconf 88' lang='lat' dir='ltr'>Auerniam</span> <span class='ocrx_word' id='word_1_168' title='bbox 833 1348 888 1389; x_wconf 92' lang='lat' dir='ltr'>ad</span> <span class='ocrx_word' id='word_1_169' title='bbox 922 1348 1161 1402; x_wconf 89' lang='lat' dir='ltr'>collegium</span> <span class='ocrx_word' id='word_1_170' title='bbox 1196 1347 1457 1388; x_wconf 89' lang='lat' dir='ltr'>billomeum</span> <span class='ocrx_word' id='word_1_171' title='bbox 1511 1345 1624 1386; x_wconf 87' lang='lat' dir='ltr'>salui</span> <span class='ocrx_word' id='word_1_172' title='bbox 1655 1345 1854 1400; x_wconf 86' lang='lat' dir='ltr'>perfuge-</span> <span class='ocrx_word' id='word_1_173' title='bbox 1889 1369 1891 1398; x_wconf 81' lang='lat'>3</span> 
     </span>
     <span class='ocr_line' id='line_1_21' title="bbox 236 1403 1891 1461; baseline -0.004 -12"><span class='ocrx_word' id='word_1_174' title='bbox 236 1415 355 1461; x_wconf 82' lang='lat' dir='ltr'>runt,</span> <span class='ocrx_word' id='word_1_175' title='bbox 383 1408 589 1460; x_wconf 85' lang='lat' dir='ltr'>quamuis</span> <span class='ocrx_word' id='word_1_176' title='bbox 613 1416 829 1450; x_wconf 90' lang='lat' dir='ltr'>rectorem</span> <span class='ocrx_word' id='word_1_177' title='bbox 854 1421 956 1448; x_wconf 90' lang='lat' dir='ltr'>cum</span> <span class='ocrx_word' id='word_1_178' title='bbox 977 1407 1118 1448; x_wconf 91' lang='lat' dir='ltr'>tribus</span> <span class='ocrx_word' id='word_1_179' title='bbox 1141 1406 1237 1447; x_wconf 90' lang='lat' dir='ltr'>aliis</span> <span class='ocrx_word' id='word_1_180' title='bbox 1255 1405 1467 1446; x_wconf 89' lang='lat' dir='ltr'>haeretici</span> <span class='ocrx_word' id='word_1_181' title='bbox 1489 1403 1682 1446; x_wconf 85' lang='lat' dir='ltr'>retinere</span> <span class='ocrx_word' id='word_1_182' title='bbox 1702 1411 1854 1446; x_wconf 88' lang='lat' dir='ltr'>tentas·</span> <span class='ocrx_word' id='word_1_183' title='bbox 1887 1418 1891 1443; x_wconf 76' lang='lat' dir='ltr'>t</span> 
     </span>
     <span class='ocr_line' id='line_1_22' title="bbox 236 1462 1854 1521; baseline -0.002 -13"><span class='ocrx_word' id='word_1_184' title='bbox 236 1475 350 1509; x_wconf 90' lang='lat' dir='ltr'>sent.</span> <span class='ocrx_word' id='word_1_185' title='bbox 377 1467 460 1509; x_wconf 91' lang='lat' dir='ltr'>Dei</span> <span class='ocrx_word' id='word_1_186' title='bbox 484 1474 632 1508; x_wconf 91' lang='lat' dir='ltr'>autem</span> <span class='ocrx_word' id='word_1_187' title='bbox 658 1466 925 1521; x_wconf 90' lang='lat' dir='ltr'>protectioni</span> <span class='ocrx_word' id='word_1_188' title='bbox 948 1466 1101 1506; x_wconf 90' lang='lat' dir='ltr'>datum</span> <span class='ocrx_word' id='word_1_189' title='bbox 1127 1472 1208 1517; x_wconf 92' lang='lat' dir='ltr'>est,</span> <span class='ocrx_word' id='word_1_190' title='bbox 1233 1472 1278 1505; x_wconf 86' lang='lat' dir='ltr'>vt</span> <span class='ocrx_word' id='word_1_191' title='bbox 1302 1479 1404 1505; x_wconf 92' lang='lat' dir='ltr'>cum</span> <span class='ocrx_word' id='word_1_192' title='bbox 1435 1464 1687 1505; x_wconf 82' lang='lat' dir='ltr'>billomeam</span> <span class='ocrx_word' id='word_1_193' title='bbox 1711 1462 1854 1504; x_wconf 88' lang='lat' dir='ltr'>ciuita-</span> 
     </span>
     <span class='ocr_line' id='line_1_23' title="bbox 237 1521 1854 1579; baseline -0.001 -13"><span class='ocrx_word' id='word_1_194' title='bbox 237 1533 326 1567; x_wconf 87' lang='lat' dir='ltr'>tem</span> <span class='ocrx_word' id='word_1_195' title='bbox 353 1526 565 1568; x_wconf 88' lang='lat' dir='ltr'>haeretici</span> <span class='ocrx_word' id='word_1_196' title='bbox 590 1527 720 1579; x_wconf 85' lang='lat' dir='ltr'>(forte</span> <span class='ocrx_word' id='word_1_197' title='bbox 744 1533 922 1579; x_wconf 88' lang='lat' dir='ltr'>propter</span> <span class='ocrx_word' id='word_1_198' title='bbox 946 1532 1147 1565; x_wconf 89' lang='lat' dir='ltr'>nostrum</span> <span class='ocrx_word' id='word_1_199' title='bbox 1171 1524 1427 1578; x_wconf 79' lang='lat' dir='ltr'>collegium)</span> <span class='ocrx_word' id='word_1_200' title='bbox 1458 1521 1719 1577; x_wconf 87' lang='lat' dir='ltr'>aggressuri</span> <span class='ocrx_word' id='word_1_201' title='bbox 1747 1521 1854 1564; x_wconf 87' lang='lat' dir='ltr'>dice-</span> 
     </span>
     <span class='ocr_line' id='line_1_24' title="bbox 237 1579 1855 1637; baseline -0.002 -11"><span class='ocrx_word' id='word_1_202' title='bbox 237 1592 408 1637; x_wconf 86' lang='lat' dir='ltr'>rentur,</span> <span class='ocrx_word' id='word_1_203' title='bbox 438 1585 479 1626; x_wconf 89' lang='lat' dir='ltr'>id</span> <span class='ocrx_word' id='word_1_204' title='bbox 506 1593 653 1626; x_wconf 89' lang='lat' dir='ltr'>tamen</span> <span class='ocrx_word' id='word_1_205' title='bbox 684 1599 772 1625; x_wconf 91' lang='lat' dir='ltr'>non</span> <span class='ocrx_word' id='word_1_206' title='bbox 807 1583 1034 1635; x_wconf 86' lang='lat' dir='ltr'>tentarint;</span> <span class='ocrx_word' id='word_1_207' title='bbox 1072 1584 1190 1625; x_wconf 87' lang='lat' dir='ltr'>vnde</span> <span class='ocrx_word' id='word_1_208' title='bbox 1223 1582 1328 1624; x_wconf 89' lang='lat' dir='ltr'>licet</span> <span class='ocrx_word' id='word_1_209' title='bbox 1360 1582 1403 1623; x_wconf 88' lang='lat' dir='ltr'>in</span> <span class='ocrx_word' id='word_1_210' title='bbox 1437 1581 1623 1623; x_wconf 91' lang='lat' dir='ltr'>summis</span> <span class='ocrx_word' id='word_1_211' title='bbox 1658 1579 1855 1634; x_wconf 79' lang='lat' dir='ltr'>periculis</span> 
     </span>
     <span class='ocr_line' id='line_1_25' title="bbox 237 1639 1891 1697; baseline -0.004 -12"><span class='ocrx_word' id='word_1_212' title='bbox 237 1644 377 1685; x_wconf 87' lang='lat' dir='ltr'>nostri</span> <span class='ocrx_word' id='word_1_213' title='bbox 402 1644 564 1686; x_wconf 85' lang='lat' dir='ltr'>versati</span> <span class='ocrx_word' id='word_1_214' title='bbox 590 1643 693 1697; x_wconf 84' lang='lat' dir='ltr'>sint,</span> <span class='ocrx_word' id='word_1_215' title='bbox 727 1657 883 1685; x_wconf 88' lang='lat' dir='ltr'>omnes</span> <span class='ocrx_word' id='word_1_216' title='bbox 916 1650 1063 1684; x_wconf 86' lang='lat' dir='ltr'>tamen</span> <span class='ocrx_word' id='word_1_217' title='bbox 1097 1643 1344 1683; x_wconf 89' lang='lat' dir='ltr'>incolumes</span> <span class='ocrx_word' id='word_1_218' title='bbox 1373 1641 1528 1682; x_wconf 90' lang='lat' dir='ltr'>diuina</span> <span class='ocrx_word' id='word_1_219' title='bbox 1555 1639 1733 1681; x_wconf 87' lang='lat' dir='ltr'>bonitas</span> <span class='ocrx_word' id='word_1_220' title='bbox 1760 1652 1855 1680; x_wconf 83' lang='lat' dir='ltr'>con·</span> <span class='ocrx_word' id='word_1_221' title='bbox 1888 1667 1891 1674; x_wconf 65' lang='lat'><em>›</em></span> 
     </span>
     <span class='ocr_line' id='line_1_26' title="bbox 239 1703 1814 1751; baseline -0.003 -7"><span class='ocrx_word' id='word_1_222' title='bbox 239 1703 454 1744; x_wconf 88' lang='lat' dir='ltr'>seruauit.</span> <span class='ocrx_word' id='word_1_223' title='bbox 1811 1747 1814 1751; x_wconf 45' lang='lat'><strong>.</strong></span> 
     </span>
    </p>

    <p class='ocr_par' dir='ltr' id='par_1_4' title="bbox 238 1755 1891 2226">
     <span class='ocr_line' id='line_1_27' title="bbox 328 1755 1856 1814; baseline -0.004 -10"><span class='ocrx_word' id='word_1_224' title='bbox 328 1772 399 1813; x_wconf 89' lang='lat'>72.</span> <span class='ocrx_word' id='word_1_225' title='bbox 466 1761 655 1803; x_wconf 85' lang='lat' dir='ltr'>Octobri</span> <span class='ocrx_word' id='word_1_226' title='bbox 681 1775 850 1810; x_wconf 92' lang='lat' dir='ltr'>mense,</span> <span class='ocrx_word' id='word_1_227' title='bbox 878 1774 980 1801; x_wconf 91' lang='lat' dir='ltr'>cum</span> <span class='ocrx_word' id='word_1_228' title='bbox 1007 1766 1320 1814; x_wconf 88' lang='lat' dir='ltr'>praeceptores</span> <span class='ocrx_word' id='word_1_229' title='bbox 1348 1757 1423 1812; x_wconf 84' lang='lat' dir='ltr'>qui</span> <span class='ocrx_word' id='word_1_230' title='bbox 1453 1756 1772 1799; x_wconf 89' lang='lat' dir='ltr'>Francfordiae</span> <span class='ocrx_word' id='word_1_231' title='bbox 1799 1755 1856 1798; x_wconf 89' lang='lat' dir='ltr'>iu-</span> 
     </span>
     <span class='ocr_line' id='line_1_28' title="bbox 238 1815 1855 1873; baseline -0.004 -11"><span class='ocrx_word' id='word_1_232' title='bbox 238 1828 474 1862; x_wconf 84' lang='lat' dir='ltr'>uentutem</span> <span class='ocrx_word' id='word_1_233' title='bbox 500 1820 810 1870; x_wconf 87' lang='lat' dir='ltr'>instituebant,</span> <span class='ocrx_word' id='word_1_234' title='bbox 833 1820 1013 1860; x_wconf 91' lang='lat' dir='ltr'>domum</span> <span class='ocrx_word' id='word_1_235' title='bbox 1040 1818 1261 1873; x_wconf 82' lang='lat' dir='ltr'>propriam</span> <span class='ocrx_word' id='word_1_236' title='bbox 1287 1831 1375 1858; x_wconf 90' lang='lat' dir='ltr'>non</span> <span class='ocrx_word' id='word_1_237' title='bbox 1406 1817 1641 1866; x_wconf 81' lang='lat' dir='ltr'>haberent,</span> <span class='ocrx_word' id='word_1_238' title='bbox 1668 1829 1749 1857; x_wconf 90' lang='lat' dir='ltr'>nec</span> <span class='ocrx_word' id='word_1_239' title='bbox 1772 1815 1855 1856; x_wconf 91' lang='lat' dir='ltr'>col-</span> 
     </span>
     <span class='ocr_line' id='line_1_29' title="bbox 241 1873 1857 1933; baseline -0.003 -14"><span class='ocrx_word' id='word_1_240' title='bbox 241 1879 346 1932; x_wconf 90' lang='lat' dir='ltr'>legii</span> <span class='ocrx_word' id='word_1_241' title='bbox 372 1881 434 1929; x_wconf 86' lang='lat' dir='ltr'>(vt</span> <span class='ocrx_word' id='word_1_242' title='bbox 459 1894 536 1933; x_wconf 89' lang='lat' dir='ltr'>par</span> <span class='ocrx_word' id='word_1_243' title='bbox 560 1882 695 1926; x_wconf 75' lang='lat' dir='ltr'>esset)</span> <span class='ocrx_word' id='word_1_244' title='bbox 725 1877 928 1933; x_wconf 90' lang='lat' dir='ltr'>erigendi</span> <span class='ocrx_word' id='word_1_245' title='bbox 957 1892 1059 1932; x_wconf 89' lang='lat' dir='ltr'>spes</span> <span class='ocrx_word' id='word_1_246' title='bbox 1092 1878 1346 1931; x_wconf 85' lang='lat' dir='ltr'>affulgeret,</span> <span class='ocrx_word' id='word_1_247' title='bbox 1381 1875 1486 1918; x_wconf 86' lang='lat' dir='ltr'>inde</span> <span class='ocrx_word' id='word_1_248' title='bbox 1518 1890 1542 1916; x_wconf 92' lang='lat' dir='ltr'>a</span> <span class='ocrx_word' id='word_1_249' title='bbox 1579 1877 1629 1917; x_wconf 91' lang='lat' dir='ltr'>P.</span> <span class='ocrx_word' id='word_1_250' title='bbox 1667 1873 1857 1916; x_wconf 88' lang='lat' dir='ltr'>Antonio</span> 
     </span>
     <span class='ocr_line' id='line_1_30' title="bbox 239 1934 1858 1992; baseline -0.004 -12"><span class='ocrx_word' id='word_1_251' title='bbox 239 1938 387 1980; x_wconf 91' lang='lat' dir='ltr'>Vinck</span> <span class='ocrx_word' id='word_1_252' title='bbox 432 1938 694 1992; x_wconf 88' lang='lat' dir='ltr'>prouinciali</span> <span class='ocrx_word' id='word_1_253' title='bbox 737 1937 908 1988; x_wconf 86' lang='lat' dir='ltr'>remoti,</span> <span class='ocrx_word' id='word_1_254' title='bbox 953 1945 996 1979; x_wconf 87' lang='lat' dir='ltr'>et</span> <span class='ocrx_word' id='word_1_255' title='bbox 1040 1936 1322 1990; x_wconf 87' lang='lat' dir='ltr'>Herbipolim</span> <span class='ocrx_word' id='word_1_256' title='bbox 1369 1934 1568 1976; x_wconf 89' lang='lat' dir='ltr'>translati</span> <span class='ocrx_word' id='word_1_257' title='bbox 1612 1940 1734 1985; x_wconf 89' lang='lat' dir='ltr'>sunt;</span> <span class='ocrx_word' id='word_1_258' title='bbox 1777 1946 1858 1987; x_wconf 89' lang='lat' dir='ltr'>quo</span> 
     </span>
     <span class='ocr_line' id='line_1_31' title="bbox 240 1993 1891 2050; baseline -0.004 -13"><span class='ocrx_word' id='word_1_259' title='bbox 240 1997 290 2037; x_wconf 91' lang='lat' dir='ltr'>P.</span> <span class='ocrx_word' id='word_1_260' title='bbox 317 1996 546 2037; x_wconf 88' lang='lat' dir='ltr'>Antonius</span> <span class='ocrx_word' id='word_1_261' title='bbox 571 2008 624 2050; x_wconf 86' lang='lat'>23</span> <span class='ocrx_word' id='word_1_262' title='bbox 649 1996 861 2039; x_wconf 89' lang='lat' dir='ltr'>Octobris</span> <span class='ocrx_word' id='word_1_263' title='bbox 884 2010 985 2037; x_wconf 90' lang='lat' dir='ltr'>cum</span> <span class='ocrx_word' id='word_1_264' title='bbox 1011 1995 1107 2036; x_wconf 89' lang='lat' dir='ltr'>aliis</span> <span class='ocrx_word' id='word_1_265' title='bbox 1125 1995 1200 2049; x_wconf 88' lang='lat' dir='ltr'>qui</span> <span class='ocrx_word' id='word_1_266' title='bbox 1219 1993 1460 2048; x_wconf 89' lang='lat' dir='ltr'>collegium</span> <span class='ocrx_word' id='word_1_267' title='bbox 1478 1993 1744 2034; x_wconf 83' lang='lat' dir='ltr'>inchoarent</span> <span class='ocrx_word' id='word_1_268' title='bbox 1768 2004 1858 2046; x_wconf 84' lang='lat' dir='ltr'>per·</span> <span class='ocrx_word' id='word_1_269' title='bbox 1889 2029 1891 2031; x_wconf 85' lang='grc'><em>,</em></span> 
     </span>
     <span class='ocr_line' id='line_1_32' title="bbox 243 2052 1891 2109; baseline -0.004 -13"><span class='ocrx_word' id='word_1_270' title='bbox 243 2056 381 2105; x_wconf 91' lang='lat' dir='ltr'>uenit,</span> <span class='ocrx_word' id='word_1_271' title='bbox 409 2068 435 2108; x_wconf 82' lang='lat'>4</span> <span class='ocrx_word' id='word_1_272' title='bbox 458 2056 622 2096; x_wconf 89' lang='lat' dir='ltr'>ibidem</span> <span class='ocrx_word' id='word_1_273' title='bbox 648 2070 671 2096; x_wconf 91' lang='lat' dir='ltr'>a</span> <span class='ocrx_word' id='word_1_274' title='bbox 696 2055 956 2109; x_wconf 85' lang='lat' dir='ltr'>prouinciali</span> <span class='ocrx_word' id='word_1_275' title='bbox 987 2054 1240 2108; x_wconf 88' lang='lat' dir='ltr'>Superioris</span> <span class='ocrx_word' id='word_1_276' title='bbox 1269 2052 1557 2102; x_wconf 85' lang='lat' dir='ltr'>Germaniae,</span> <span class='ocrx_word' id='word_1_277' title='bbox 1584 2058 1628 2094; x_wconf 92' lang='lat' dir='ltr'>et</span> <span class='ocrx_word' id='word_1_278' title='bbox 1657 2064 1712 2092; x_wconf 85' lang='lat' dir='ltr'>ex</span> <span class='ocrx_word' id='word_1_279' title='bbox 1741 2056 1860 2104; x_wconf 83' lang='lat' dir='ltr'>parte</span> <span class='ocrx_word' id='word_1_280' title='bbox 1889 2066 1891 2082; x_wconf 70' lang='grc' dir='ltr'><strong><em>τ</em></strong></span> 
     </span>
     <span class='ocr_line' id='line_1_33' title="bbox 241 2109 1857 2167; baseline -0.002 -12"><span class='ocrx_word' id='word_1_281' title='bbox 241 2115 384 2156; x_wconf 88' lang='lat' dir='ltr'>Roma</span> <span class='ocrx_word' id='word_1_282' title='bbox 407 2114 567 2155; x_wconf 90' lang='lat' dir='ltr'>missos</span> <span class='ocrx_word' id='word_1_283' title='bbox 589 2113 780 2164; x_wconf 88' lang='lat' dir='ltr'>inuenit;</span> <span class='ocrx_word' id='word_1_284' title='bbox 808 2121 851 2156; x_wconf 89' lang='lat' dir='ltr'>et</span> <span class='ocrx_word' id='word_1_285' title='bbox 886 2126 955 2154; x_wconf 91' lang='lat' dir='ltr'>res</span> <span class='ocrx_word' id='word_1_286' title='bbox 984 2113 1044 2154; x_wconf 92' lang='lat' dir='ltr'>ita</span> <span class='ocrx_word' id='word_1_287' title='bbox 1074 2112 1311 2167; x_wconf 88' lang='lat' dir='ltr'>disposuit,</span> <span class='ocrx_word' id='word_1_288' title='bbox 1347 2119 1391 2152; x_wconf 92' lang='lat' dir='ltr'>vt</span> <span class='ocrx_word' id='word_1_289' title='bbox 1428 2122 1476 2164; x_wconf 92' lang='lat'>17</span> <span class='ocrx_word' id='word_1_290' title='bbox 1507 2109 1779 2152; x_wconf 91' lang='lat' dir='ltr'>Nouembris</span> <span class='ocrx_word' id='word_1_291' title='bbox 1806 2109 1857 2151; x_wconf 87' lang='lat' dir='ltr'>le-</span> 
     </span>
     <span class='ocr_line' id='line_1_34' title="bbox 239 2171 1378 2237; baseline -0.002 -24"><span class='ocrx_word' id='word_1_292' title='bbox 239 2173 414 2215; x_wconf 76' lang='lat' dir='ltr'>ctiones</span> <span class='ocrx_word' id='word_1_293' title='bbox 437 2174 481 2214; x_wconf 89' lang='lat' dir='ltr'>in</span> <span class='ocrx_word' id='word_1_294' title='bbox 506 2187 559 2215; x_wconf 89' lang='lat' dir='ltr'>eo</span> <span class='ocrx_word' id='word_1_295' title='bbox 583 2187 703 2214; x_wconf 93' lang='lat' dir='ltr'>nouo</span> <span class='ocrx_word' id='word_1_296' title='bbox 727 2172 918 2226; x_wconf 89' lang='lat' dir='ltr'>collegio</span> <span class='ocrx_word' id='word_1_297' title='bbox 944 2181 1123 2237; x_wconf 80' lang='lat' dir='ltr'>possent</span> <span class='ocrx_word' id='word_1_298' title='bbox 1141 2171 1378 2226; x_wconf 89' lang='lat' dir='ltr'>auspicari.</span> 
     </span>
    </p>

    <p class='ocr_par' dir='ltr' id='par_1_5' title="bbox 240 2226 1874 2568">
     <span class='ocr_line' id='line_1_35' title="bbox 331 2226 1874 2296; baseline -0.004 -23"><span class='ocrx_word' id='word_1_299' title='bbox 331 2243 402 2285; x_wconf 83' lang='lat'>73.</span> <span class='ocrx_word' id='word_1_300' title='bbox 469 2233 570 2273; x_wconf 91' lang='lat' dir='ltr'>Hoc</span> <span class='ocrx_word' id='word_1_301' title='bbox 594 2232 719 2274; x_wconf 91' lang='lat' dir='ltr'>eode</span> <span class='ocrx_word' id='word_1_302' title='bbox 712 2246 750 2271; x_wconf 89' lang='lat' dir='ltr'>m</span> <span class='ocrx_word' id='word_1_303' title='bbox 777 2239 974 2296; x_wconf 88' lang='lat' dir='ltr'>tempore</span> <span class='ocrx_word' id='word_1_304' title='bbox 999 2230 1201 2271; x_wconf 86' lang='lat' dir='ltr'>visitator</span> <span class='ocrx_word' id='word_1_305' title='bbox 1225 2228 1482 2285; x_wconf 89' lang='lat' dir='ltr'>prouinciae</span> <span class='ocrx_word' id='word_1_306' title='bbox 1500 2226 1758 2281; x_wconf 85' lang='lat' dir='ltr'>Aragoniae</span> <span class='ocrx_word' id='word_1_307' title='bbox 1776 2234 1872 2268; x_wconf 87' lang='lat' dir='ltr'>stu-.</span> <span class='ocrx_word' id='word_1_308' title='bbox 1870 2227 1874 2249; x_wconf 70' lang='lat'>⁸</span> 
     </span>
     <span class='ocr_line' id='line_1_36' title="bbox 240 2286 1873 2344; baseline -0.003 -13"><span class='ocrx_word' id='word_1_309' title='bbox 240 2290 313 2331; x_wconf 88' lang='lat' dir='ltr'>dia</span> <span class='ocrx_word' id='word_1_310' title='bbox 338 2291 573 2333; x_wconf 88' lang='lat' dir='ltr'>Valentiae</span> <span class='ocrx_word' id='word_1_311' title='bbox 598 2290 846 2344; x_wconf 84' lang='lat' dir='ltr'>perficiens,</span> <span class='ocrx_word' id='word_1_312' title='bbox 874 2289 917 2330; x_wconf 91' lang='lat' dir='ltr'>in</span> <span class='ocrx_word' id='word_1_313' title='bbox 941 2289 1132 2343; x_wconf 90' lang='lat' dir='ltr'>collegio</span> <span class='ocrx_word' id='word_1_314' title='bbox 1150 2297 1306 2330; x_wconf 88' lang='lat' dir='ltr'>nostro</span> <span class='ocrx_word' id='word_1_315' title='bbox 1324 2290 1438 2329; x_wconf 91' lang='lat' dir='ltr'>duos</span> <span class='ocrx_word' id='word_1_316' title='bbox 1459 2286 1715 2339; x_wconf 86' lang='lat' dir='ltr'>theologiae</span> <span class='ocrx_word' id='word_1_317' title='bbox 1733 2286 1858 2327; x_wconf 90' lang='lat' dir='ltr'>lecto·</span> <span class='ocrx_word' id='word_1_318' title='bbox 1870 2288 1873 2326; x_wconf 92' lang='grc' dir='ltr'>Ι</span> 
     </span>
     <span class='ocr_line' id='line_1_37' title="bbox 242 2345 1859 2402; baseline -0.004 -12"><span class='ocrx_word' id='word_1_319' title='bbox 242 2364 313 2392; x_wconf 89' lang='lat' dir='ltr'>res</span> <span class='ocrx_word' id='word_1_320' title='bbox 337 2349 588 2397; x_wconf 85' lang='lat' dir='ltr'>constituit,</span> <span class='ocrx_word' id='word_1_321' title='bbox 617 2351 668 2391; x_wconf 89' lang='lat' dir='ltr'>P</span> <span class='ocrx_word' id='word_1_322' title='bbox 698 2351 880 2391; x_wconf 88' lang='lat' dir='ltr'>Petrum</span> <span class='ocrx_word' id='word_1_323' title='bbox 908 2350 1033 2402; x_wconf 84' lang='lat' dir='ltr'>Ruyz</span> <span class='ocrx_word' id='word_1_324' title='bbox 1056 2356 1099 2389; x_wconf 92' lang='lat' dir='ltr'>et</span> <span class='ocrx_word' id='word_1_325' title='bbox 1132 2349 1183 2390; x_wconf 92' lang='grc' dir='ltr'>Ρ.</span> <span class='ocrx_word' id='word_1_326' title='bbox 1218 2348 1453 2397; x_wconf 81' lang='lat' dir='ltr'>Loberam3</span> <span class='ocrx_word' id='word_1_327' title='bbox 1486 2345 1763 2387; x_wconf 91' lang='lat' dir='ltr'>nouitiorum</span> <span class='ocrx_word' id='word_1_328' title='bbox 1791 2357 1859 2384; x_wconf 89' lang='lat' dir='ltr'>au-</span> 
     </span>
     <span class='ocr_line' id='line_1_38' title="bbox 244 2400 1860 2462; baseline -0.004 -13"><span class='ocrx_word' id='word_1_329' title='bbox 244 2416 331 2451; x_wconf 84' lang='lat' dir='ltr'>tem</span> <span class='ocrx_word' id='word_1_330' title='bbox 357 2409 539 2450; x_wconf 92' lang='lat' dir='ltr'>domum</span> <span class='ocrx_word' id='word_1_331' title='bbox 563 2422 678 2462; x_wconf 88' lang='lat' dir='ltr'>quae</span> <span class='ocrx_word' id='word_1_332' title='bbox 702 2407 810 2448; x_wconf 88' lang='lat' dir='ltr'>inibi</span> <span class='ocrx_word' id='word_1_333' title='bbox 838 2409 995 2459; x_wconf 81' lang='lat' dir='ltr'>fuerat,</span> <span class='ocrx_word' id='word_1_334' title='bbox 1024 2421 1106 2449; x_wconf 91' lang='lat' dir='ltr'>nec</span> <span class='ocrx_word' id='word_1_335' title='bbox 1129 2406 1372 2449; x_wconf 89' lang='lat' dir='ltr'>sustentari</span> <span class='ocrx_word' id='word_1_336' title='bbox 1394 2405 1526 2447; x_wconf 93' lang='lat' dir='ltr'>simul</span> <span class='ocrx_word' id='word_1_337' title='bbox 1550 2418 1652 2445; x_wconf 90' lang='lat' dir='ltr'>cum</span> <span class='ocrx_word' id='word_1_338' title='bbox 1677 2400 1860 2456; x_wconf 85' lang='lat' dir='ltr'>collegio</span> 
     </span>
     <span class='ocr_line' id='line_1_39' title="bbox 245 2458 1873 2522; baseline -0.004 -14"><span class='ocrx_word' id='word_1_339' title='bbox 245 2468 375 2522; x_wconf 86' lang='lat' dir='ltr'>pleno</span> <span class='ocrx_word' id='word_1_340' title='bbox 410 2474 600 2522; x_wconf 89' lang='lat' dir='ltr'>poterat,</span> <span class='ocrx_word' id='word_1_341' title='bbox 657 2466 880 2509; x_wconf 85' lang='lat' dir='ltr'>Gandiam</span> <span class='ocrx_word' id='word_1_342' title='bbox 917 2466 1159 2516; x_wconf 82' lang='lat' dir='ltr'>transtulit,</span> <span class='ocrx_word' id='word_1_343' title='bbox 1194 2466 1310 2508; x_wconf 90' lang='lat' dir='ltr'>vnde</span> <span class='ocrx_word' id='word_1_344' title='bbox 1343 2463 1662 2519; x_wconf 88' lang='lat' dir='ltr'>grammaticae</span> <span class='ocrx_word' id='word_1_345' title='bbox 1691 2458 1873 2503; x_wconf 64' lang='lat' dir='ltr'>scholae!</span> 
     </span>
     <span class='ocr_line' id='line_1_40' title="bbox 243 2526 591 2569; baseline 0 -2"><span class='ocrx_word' id='word_1_346' title='bbox 243 2526 448 2568; x_wconf 86' lang='lat' dir='ltr'>sublatae</span> <span class='ocrx_word' id='word_1_347' title='bbox 471 2534 591 2569; x_wconf 84' lang='lat' dir='ltr'>sunt.</span> 
     </span>
    </p>

    <p class='ocr_par' dir='ltr' id='par_1_6' title="bbox 244 2578 1873 2874">
     <span class='ocr_line' id='line_1_41' title="bbox 334 2578 1872 2637; baseline -0.007 -9"><span class='ocrx_word' id='word_1_348' title='bbox 334 2596 404 2637; x_wconf 82' lang='grc'>74.</span> <span class='ocrx_word' id='word_1_349' title='bbox 470 2585 585 2627; x_wconf 88' lang='lat' dir='ltr'>Cum</span> <span class='ocrx_word' id='word_1_350' title='bbox 605 2586 660 2626; x_wconf 89' lang='lat' dir='ltr'>ad</span> <span class='ocrx_word' id='word_1_351' title='bbox 679 2586 766 2625; x_wconf 91' lang='lat' dir='ltr'>hoc</span> <span class='ocrx_word' id='word_1_352' title='bbox 784 2597 923 2637; x_wconf 87' lang='lat' dir='ltr'>vsque</span> <span class='ocrx_word' id='word_1_353' title='bbox 942 2590 1118 2637; x_wconf 87' lang='lat' dir='ltr'>tempus</span> <span class='ocrx_word' id='word_1_354' title='bbox 1137 2583 1383 2625; x_wconf 86' lang='lat' dir='ltr'>litterarum</span> <span class='ocrx_word' id='word_1_355' title='bbox 1405 2580 1723 2622; x_wconf 90' lang='lat' dir='ltr'>humaniorum</span> <span class='ocrx_word' id='word_1_356' title='bbox 1743 2578 1872 2619; x_wconf 90' lang='lat' dir='ltr'>dum-:</span> 
     </span>
     <span class='ocr_line' id='line_1_42' title="bbox 246 2635 1873 2701; baseline -0.005 -17"><span class='ocrx_word' id='word_1_357' title='bbox 246 2651 367 2685; x_wconf 85' lang='lat' dir='ltr'>taxat</span> <span class='ocrx_word' id='word_1_358' title='bbox 406 2644 585 2685; x_wconf 89' lang='lat' dir='ltr'>scholae</span> <span class='ocrx_word' id='word_1_359' title='bbox 623 2643 846 2698; x_wconf 89' lang='lat' dir='ltr'>Segobiae</span> <span class='ocrx_word' id='word_1_360' title='bbox 885 2641 1075 2683; x_wconf 85' lang='lat' dir='ltr'>fuissent</span> <span class='ocrx_word' id='word_1_361' title='bbox 1112 2642 1306 2695; x_wconf 89' lang='lat' dir='ltr'>habitae,</span> <span class='ocrx_word' id='word_1_362' title='bbox 1344 2654 1502 2682; x_wconf 88' lang='lat' dir='ltr'>cursus</span> <span class='ocrx_word' id='word_1_363' title='bbox 1536 2635 1873 2701; x_wconf 77' lang='lat' dir='ltr'>philosophicus.</span> 
     </span>
     <span class='ocr_line' id='line_1_43' title="bbox 244 2694 1862 2768; baseline -0.005 -25"><span class='ocrx_word' id='word_1_364' title='bbox 244 2702 410 2744; x_wconf 87' lang='lat' dir='ltr'>ibidem</span> <span class='ocrx_word' id='word_1_365' title='bbox 436 2710 503 2744; x_wconf 89' lang='lat' dir='ltr'>est</span> <span class='ocrx_word' id='word_1_366' title='bbox 526 2702 777 2768; x_wconf 73' lang='lat' dir='ltr'>institutus,</span> <span class='ocrx_word' id='word_1_367' title='bbox 809 2708 853 2744; x_wconf 80' lang='lat' dir='ltr'>et</span> <span class='ocrx_word' id='word_1_368' title='bbox 876 2708 1137 2756; x_wconf 90' lang='lat' dir='ltr'>praeceptor</span> <span class='ocrx_word' id='word_1_369' title='bbox 1166 2715 1268 2742; x_wconf 92' lang='lat' dir='ltr'>cum</span> <span class='ocrx_word' id='word_1_370' title='bbox 1305 2712 1349 2742; x_wconf 91' lang='lat'>11</span> <span class='ocrx_word' id='word_1_371' title='bbox 1378 2699 1447 2740; x_wconf 89' lang='lat' dir='ltr'>vel</span> <span class='ocrx_word' id='word_1_372' title='bbox 1483 2709 1532 2740; x_wconf 90' lang='lat'>12</span> <span class='ocrx_word' id='word_1_373' title='bbox 1564 2694 1793 2751; x_wconf 91' lang='lat' dir='ltr'>discipulis</span> <span class='ocrx_word' id='word_1_374' title='bbox 1813 2706 1862 2736; x_wconf 88' lang='lat' dir='ltr'>ex</span> 
     </span>
     <span class='ocr_line' id='line_1_44' title="bbox 244 2757 1873 2815; baseline -0.006 -13"><span class='ocrx_word' id='word_1_375' title='bbox 244 2761 340 2815; x_wconf 89' lang='lat' dir='ltr'>ipsa</span> <span class='ocrx_word' id='word_1_376' title='bbox 370 2761 597 2804; x_wconf 88' lang='lat' dir='ltr'>Societate</span> <span class='ocrx_word' id='word_1_377' title='bbox 626 2775 680 2802; x_wconf 91' lang='lat' dir='ltr'>eo</span> <span class='ocrx_word' id='word_1_378' title='bbox 714 2761 892 2809; x_wconf 89' lang='lat' dir='ltr'>missus,</span> <span class='ocrx_word' id='word_1_379' title='bbox 928 2759 1151 2813; x_wconf 81' lang='lat' dir='ltr'>frequenti</span> <span class='ocrx_word' id='word_1_380' title='bbox 1195 2759 1302 2801; x_wconf 89' lang='lat' dir='ltr'>satis</span> <span class='ocrx_word' id='word_1_381' title='bbox 1331 2757 1554 2800; x_wconf 87' lang='lat' dir='ltr'>auditorio</span> <span class='ocrx_word' id='word_1_382' title='bbox 1586 2763 1873 2804; x_wconf 85' lang='lat' dir='ltr'>externorum·</span> 
     </span>
     <span class='ocr_line' id='line_1_45' title="bbox 246 2819 693 2874; baseline 0 -14"><span class='ocrx_word' id='word_1_383' title='bbox 246 2821 505 2874; x_wconf 84' lang='lat' dir='ltr'>praelegere</span> <span class='ocrx_word' id='word_1_384' title='bbox 529 2819 693 2874; x_wconf 90' lang='lat' dir='ltr'>coepit.</span> 
     </span>
    </p>

    <p class='ocr_par' dir='ltr' id='par_1_7' title="bbox 248 2871 1872 3051">
     <span class='ocr_line' id='line_1_46' title="bbox 338 2871 1872 2932; baseline -0.009 -10"><span class='ocrx_word' id='word_1_385' title='bbox 338 2888 409 2932; x_wconf 90' lang='lat'>75.</span> <span class='ocrx_word' id='word_1_386' title='bbox 475 2879 590 2921; x_wconf 86' lang='lat' dir='ltr'>Cum</span> <span class='ocrx_word' id='word_1_387' title='bbox 615 2879 793 2921; x_wconf 88' lang='lat' dir='ltr'>Abulae</span> <span class='ocrx_word' id='word_1_388' title='bbox 816 2879 1038 2919; x_wconf 86' lang='lat' dir='ltr'>hactenus</span> <span class='ocrx_word' id='word_1_389' title='bbox 1066 2877 1249 2918; x_wconf 88' lang='lat' dir='ltr'>scholae</span> <span class='ocrx_word' id='word_1_390' title='bbox 1278 2875 1525 2917; x_wconf 88' lang='lat' dir='ltr'>litterarum</span> <span class='ocrx_word' id='word_1_391' title='bbox 1558 2871 1872 2914; x_wconf 88' lang='lat' dir='ltr'>humaniorum.</span> 
     </span>
     <span class='ocr_line' id='line_1_47' title="bbox 248 2930 1872 2988; baseline -0.005 -11"><span class='ocrx_word' id='word_1_392' title='bbox 248 2950 336 2978; x_wconf 90' lang='lat' dir='ltr'>non</span> <span class='ocrx_word' id='word_1_393' title='bbox 371 2937 561 2979; x_wconf 89' lang='lat' dir='ltr'>fuissent</span> <span class='ocrx_word' id='word_1_394' title='bbox 593 2937 787 2987; x_wconf 90' lang='lat' dir='ltr'>habitae,</span> <span class='ocrx_word' id='word_1_395' title='bbox 826 2936 961 2977; x_wconf 88' lang='lat' dir='ltr'>huius</span> <span class='ocrx_word' id='word_1_396' title='bbox 994 2935 1198 2977; x_wconf 87' lang='lat' dir='ltr'>autumni</span> <span class='ocrx_word' id='word_1_397' title='bbox 1231 2934 1359 2976; x_wconf 91' lang='lat' dir='ltr'>initio</span> <span class='ocrx_word' id='word_1_398' title='bbox 1392 2939 1586 2988; x_wconf 87' lang='lat' dir='ltr'>apertae,</span> <span class='ocrx_word' id='word_1_399' title='bbox 1611 2938 1656 2974; x_wconf 88' lang='lat' dir='ltr'>et</span> <span class='ocrx_word' id='word_1_400' title='bbox 1699 2930 1753 2972; x_wconf 89' lang='lat' dir='ltr'>ad</span> <span class='ocrx_word' id='word_1_401' title='bbox 1782 2941 1872 2969; x_wconf 69' lang='lat' dir='ltr'>mai-1</span> 
     </span>
     <span class='ocr_line' id='line_1_48' title="bbox 247 2992 1636 3051; baseline -0.004 -14.993"><span class='ocrx_word' id='word_1_402' title='bbox 247 3009 382 3050; x_wconf 91' lang='lat' dir='ltr'>gnam</span> <span class='ocrx_word' id='word_1_403' title='bbox 404 2996 601 3038; x_wconf 85' lang='lat' dir='ltr'>ciuitatis</span> <span class='ocrx_word' id='word_1_404' title='bbox 623 2996 899 3051; x_wconf 89' lang='lat' dir='ltr'>spiritualem</span> <span class='ocrx_word' id='word_1_405' title='bbox 923 2994 1157 3036; x_wconf 89' lang='lat' dir='ltr'>vtilitatem</span> <span class='ocrx_word' id='word_1_406' title='bbox 1182 2992 1413 3036; x_wconf 84' lang='lat' dir='ltr'>exhibitae</span> <span class='ocrx_word' id='word_1_407' title='bbox 1439 2994 1636 3034; x_wconf 81' lang='lat' dir='ltr'>fuerunt.</span> 
     </span>
    </p>
   </div>
  </div>
 </body>
</html>
