1891 3292
227 203 295 232 022
728 196 917 231 POLANcr
944 204 1256 230 COMPLEMENTA

181 298 314 339 stium
355 304 399 340 et
437 298 651 339 librorum
684 296 1075 350 incompositione,
1111 303 1155 339 et
1192 302 1396 350 peterent
1433 294 1608 336 veniam
1641 309 1666 337 a
1698 297 1805 341 suis.

182 359 287 397 ltem
314 357 504 397 Ioannes
527 370 771 410 germanus
795 356 850 396 ab
876 355 989 397 aliis.

273 417 321 456 R.
353 416 404 457 P.
432 414 618 456 Natalis:
645 414 949 456 difficillimam
973 427 1072 456 esse
1097 387 1339 467 practicam
1365 412 1410 453 in
1428 412 1621 467 collegio
1639 426 1809 466 germa-

184 474 298 523 nico,
337 487 439 514 cum
472 480 536 514 tot
568 473 717 527 pueris
747 473 992 527 germanis,
1026 471 1413 524 inobedientibus,
1451 471 1687 521 tribulatis,
1721 479 1806 516 ete.

184 533 283 574 Non
308 539 517 585 oportere
539 546 638 574 esse
660 532 994 585 scrupulosum,
1021 531 1099 572 sed
1122 530 1318 572 medium
1341 530 1614 571 seruandum
1638 543 1754 574 esse.

269 602 321 632 22
340 590 486 641 huius,
508 591 670 632 festum
689 591 736 633 S.
758 590 854 632 Caii
870 597 898 614 Π
916 589 1122 643 martyris
1141 597 1184 631 et
1202 602 1355 643 papae.
1374 588 1812 642 Fac‚benignissime

181 654 321 701 Deus,
347 657 395 691 vt
419 650 553 691 huius
576 649 667 692 diei
688 662 866 704 semper
890 647 1186 691 meminerim.
1214 648 1280 689 Ex
1303 654 1525 688 nocturna
1544 647 1810 700 inquietudi-
1881 678 1891 692 0

182 726 238 753 ne
262 710 485 760 turbatus3
513 716 556 749 et
579 722 686 751 ecce
710 723 780 750 me
803 708 1094 750 confitentem
1119 713 1163 747 et
1186 706 1229 746 in
1256 705 1493 747 lachrimas
1512 715 1819 760 prorumpend
1875 733 1884 740 «

185 779 288 821 tem,
315 768 379 809 sic
405 782 474 808 me
498 768 760 808 consolatus
783 774 850 809 est
878 769 926 808 P.
957 768 1009 808 R.
1038 765 1294 809 Cornelius:
1319 765 1543 807 Permittit
1562 771 1645 805 ista
1664 766 1807 806 Domi·
1884 766 1891 775 ”

183 842 283 882 nus,
311 834 357 867 vt
375 841 429 868 ex
449 826 597 868 animo
615 825 861 867 conteraris
879 827 934 867 de
958 823 1208 879 praeteritis
1228 823 1424 877 peccatis
1444 823 1547 873 tuis,
1568 835 1706 876 vtque
1729 825 1812 867 hac

184 885 432 930 tentatione
456 886 621 932 oblata
648 886 703 925 ad
729 886 872 926 Deum
897 883 1193 934 conuertaris,
1216 890 1259 923 et
1283 882 1339 925 de
1365 881 1616 947 praeteritis
1638 882 1810 934 dolens,

186 946 433 999 perfectum
475 944 626 985 odium
667 951 710 983 et
748 943 1095 985 detestationem
1134 941 1309 998 peccati
1346 940 1556 995 accipias,
1592 947 1638 982 vt
1672 941 1813 995 possis

185 1004 349 1047 deinde
373 1003 483 1044 alios
507 1003 693 1044 miseros
716 1009 976 1067 peccatores
1000 1001 1171 1043 iuuare.

277 1062 523 1104 Constituit
550 1063 601 1103 R.
633 1063 681 1102 P.
709 1061 903 1102 vicarius
940 1067 986 1101 vt
1010 1074 1096 1111 eoo
1123 1066 1296 1100 tantum
1328 1057 1515 1108 ethicaS,
1537 1064 1581 1100 et
1620 1058 1813 1111 reliquos

187 1122 285 1178 [sic]
311 1129 399 1163 tres
426 1121 702 1174 professores
725 1120 918 1173 reliquas
942 1112 1258 1160 conclusiones
1283 1091 1620 1171 philosopliicas
1651 1117 1809 1159 defen-

185 1182 362 1232 derent,
411 1182 471 1222 M.
500 1181 715 1233 Montoya
752 1179 976 1228 videlicet,
1003 1180 1065 1220 M.
1092 1179 1257 1219 Torres
1280 1183 1324 1217 et
1349 1177 1414 1218 M.
1456 1177 1679 1229 Rogerus.
1713 1175 1812 1218 Fiat

187 1242 396 1281 voluntas
421 1238 520 1280 Dei.
552 1240 668 1279 Laus
692 1239 808 1280 Deo.

273 1300 326 1340 R.
359 1300 407 1340 P.
438 1297 626 1339 Natalis:
654 1298 702 1338 In
725 1296 996 1351 disputando
1019 1294 1237 1337 soluenda
1256 1300 1361 1335 sunt
1380 1300 1552 1334 tantum
1573 1306 1811 1346 argumen-

189 1366 246 1407 ta,
274 1364 318 1400 et
338 1371 426 1397 non
452 1357 585 1397 debet
609 1369 838 1397 assumere
861 1355 1076 1409 magister
1098 1353 1293 1395 officium
1314 1351 1524 1394 docendi.
1549 1353 1725 1393 Bonum
1747 1360 1815 1394 est

190 1418 340 1458 facere
363 1415 594 1456 codicillos
617 1423 659 1456 et
684 1414 969 1469 probationes
997 1412 1280 1466 singularum
1311 1410 1670 1461 conclusionum,
1702 1424 1815 1464 quae

191 1481 379 1529 possunt
403 1475 573 1516 seruire
596 1473 845 1528 discipulis.

277 1536 329 1576 R.
362 1535 411 1574 P.
439 1533 629 1575 Madrid:
663 1533 906 1585 Nunquam
937 1541 1003 1573 est
1034 1530 1277 1571 mutandus
1307 1528 1468 1582 aliquis
1498 1529 1608 1569 ordo
1637 1527 1681 1568 in
1712 1542 1812 1569 con-

190 1592 476 1649 gregatione,
529 1606 675 1645 neque
732 1590 982 1633 essentialis
1038 1603 1186 1642 neque
1240 1587 1551 1638 accidentalis,
1605 1586 1814 1641 precipue

189 1667 327 1707 quum
353 1651 556 1704 superior
580 1650 799 1704 quispiam
823 1651 879 1691 ad
903 1663 1083 1689 manum
1108 1648 1249 1689 adest.

280 1710 450 1752 Poterit
476 1709 559 1751 iste
584 1709 889 1752 Carauasehal
912 1716 937 1732 ⁵³
961 1707 1004 1748 in
1028 1707 1174 1771 capite
1199 1706 1414 1762 mens[a]e
1440 1705 1614 1748 sedere.

274 1781 329 1824 29
353 1768 487 1810 huius
510 1775 732 1809 mutatum
756 1775 822 1811 est
842 1765 1158 1809 refectorium
1149 1780 1191 1805 1n
1213 1765 1420 1820 collegio.
1443 1764 1527 1806 luit
1547 1763 1814 1805 Franciscus

187 1829 242 1871 ad
269 1829 539 1871 Mineruam.

278 1889 326 1928 R.
355 1888 403 1928 P.
431 1885 618 1928 Natalis:
642 1884 1072 1931 Excommunicatus
1092 1890 1246 1938 peccat
1267 1882 1494 1925 audiendo
1513 1895 1706 1923 sacrum.
1729 1881 1816 1923 Sed

189 1961 277 1988 non
302 1953 507 1988 tenemur
532 1945 653 1985 illum
685 1944 874 1994 euitare,
908 1943 991 1985 nisi
1016 1942 1071 1983 sit
1095 1941 1512 1984 excommunicatus
1536 1939 1814 1990 nominatim,

187 2006 255 2048 vel
281 2005 536 2047 manifesto.

804 2109 865 2137 DE
900 2108 1058 2137 MENSE
1092 2108 1210 2137 MAIO

277 2182 442 2225 Tribus
486 2180 645 2222 diebus
690 2178 842 2232 primis
886 2177 1128 2218 commotio
1174 2176 1256 2218 fuit
1300 2176 1417 2217 inter
1460 2188 1641 2229 pueros.
1688 2174 1818 2215 Iussit

196 2246 243 2285 P.
272 2241 446 2284 Madrid
473 2247 519 2280 vt
548 2238 789 2292 diligenter
819 2235 1124 2279 custodiretur
1154 2236 1295 2277 clauis
1323 2235 1502 2286 domus⁷
1529 2240 1572 2275 et
1596 2233 1817 2275 examina-

192 2309 317 2343 retur
341 2301 377 2341 is
401 2306 558 2342 exacte
582 2297 657 2351 qui
681 2297 998 2337 accusabatur

280 2362 333 2402 R.
370 2361 421 2400 P.
456 2356 644 2399 Natalis:
682 2357 796 2397 Tota
826 2354 1019 2395 hominis
1048 2353 1264 2394 sanctitas
1293 2353 1338 2393 in
1371 2366 1424 2395 eo
1453 2358 1537 2406 est,
1571 2352 1691 2406 quod
1722 2349 1820 2405 quis

193 2421 308 2461 bene
331 2418 522 2459 collocet
545 2429 675 2457 suum
701 2415 932 2456 affectum

279 2492 322 2533 9.
331 2477 349 2495 ⁰
378 2476 513 2517 huius
537 2474 659 2516 venit
685 2475 870 2515 Romam
895 2487 949 2514 ex
978 2471 1226 2526 improuiso
1250 2472 1302 2512 R.
1332 2472 1382 2512 P
1410 2469 1629 2523 Aloysius
1652 2469 1817 2510 Consa-

192 2537 261 2590 lis,
289 2538 449 2577 doctor
478 2536 659 2582 Torres,
685 2532 890 2575 Gonzalo
916 2532 1022 2581 Vas,
1048 2537 1092 2572 et
1121 2531 1211 2571 duo
1240 2529 1314 2571 alii
1339 2529 1494 2569 Patres
1518 2543 1572 2570 ex
1600 2530 1817 2581 Portuga-

194 2597 249 2638 lia
272 2610 375 2637 cum
401 2593 595 2635 maximo
619 2599 774 2633 nostro
803 2589 987 2645 gaudio.

283 2657 508 2696 Reuersus
535 2659 603 2693 est
631 2651 687 2692 ad
717 2649 958 2704 collegium
991 2647 1303 2702 germanicum
1333 2645 1527 2688 Michael
1555 2645 1626 2688 del
1656 2645 1817 2692 Conto,

193 2714 259 2755 Cl
266 2713 566 2767 ristophorus.
913 2732 917 2735 -

280 2771 440 2825 Coepit
467 2772 527 2812 M.
554 2768 774 2810 Emanuel
798 2765 982 2821 primam
1007 2772 1179 2829 partem
1204 2766 1262 2807 D.
1288 2764 1504 2805 Thomae.

287 2844 336 2873 IO
367 2831 500 2871 huius
534 2826 720 2869 donauit
758 2825 951 2879 collegio
997 2817 1259 2876 vermanico
1290 2824 1447 2863 Rmus.
1489 2821 1623 2863 Card.
1672 2821 1818 2863 Moro-

195 2904 278 2931 nus
310 2900 363 2942 50
398 2887 516 2930 scuti
546 2888 673 2928 d'oro
697 2899 776 2940 per
806 2891 924 2925 tutto
955 2869 1074 2925 Maio
1101 2883 1172 2924 del
1203 2881 1330 2935 1558.
1369 2882 1490 2923 Laus
1513 2881 1625 2932 Deo,
1655 2878 1731 2933 qui
1753 2883 1819 2919 est

264 3030 291 3047 rr
341 3019 428 3054 Gaii
455 3029 526 3052 ms.
579 3025 653 3041 -SS
676 3014 901 3060 Cognomen
922 3012 1023 3057 hisp.
1044 3011 1233 3056 Carvajal.
