1891 3292
582 209 1109 258 COMMENTARioLA.—1567
1537 214 1602 249 081

32 327 159 370 quem
186 310 349 354 deinde
379 317 653 353 consecutus
683 318 750 352 est
788 313 1020 355 Balthasar
1055 316 1266 369 Zugerus
1300 329 1560 367 germanus,
1596 314 1653 356 de

31 386 114 438 quo
135 369 318 412 dubium
338 377 421 419 est,
444 384 498 411 an
518 370 795 412 haereticum
820 373 1015 413 animum
1036 388 1210 428 semper
1229 375 1451 423 habuerit,
1474 389 1528 415 an
1549 376 1650 416 hae-

32 431 189 476 reticus
218 429 363 470 factus
395 402 527 469 fuerit
559 437 797 494 postquam
829 431 1042 473 Societati
1074 447 1237 475 nomen
1268 433 1407 475 dedit:
1442 435 1528 474 hoc
1558 447 1650 475 cer-

32 501 120 534 tum
143 495 225 541 est,
252 488 371 541 quod
395 487 606 529 difficile
596 488 846 541 ingenium,
874 492 1126 545 malamque
1150 492 1342 533 indolem
1366 492 1512 533 idem
1503 507 1545 532 in
1571 493 1651 535 So-

30 550 186 592 cietate
208 546 472 589 ostenderit.

115 607 184 649 68.
251 605 329 648 Vir
355 605 535 660 quidam
561 606 743 648 natione
773 608 964 661 polonus
993 624 1048 650 ex
1072 609 1314 662 Massouia,
1349 610 1528 651 nornine
1557 611 1652 652 Sta-

31 666 192 710 nislaus
222 665 541 707 Vuarsouitius
564 670 575 690 ¹
582 679 788 730 ,gener-e
807 667 985 717 nobilis,
1008 675 1051 710 et
1075 668 1193 709 vitae
1217 668 1476 722 integritate
1500 682 1550 709 ac
1574 669 1655 709 do-

29 724 164 768 ctrina
186 732 229 766 et
253 723 558 765 concionandi
583 724 728 778 gratia
758 724 800 765 in
832 740 885 767 eo
916 740 1057 777 regno
1088 727 1371 781 percelebris,
1404 736 1502 781 post
1531 741 1653 768 exer-

29 783 123 827 citia
148 776 395 837 spiritualia
418 784 642 833 confecta,
669 784 856 825 Romam
882 785 1127 838 dignitates
1151 787 1365 838 quasdam
1391 786 1654 828 ecclesiasti-

29 858 98 886 cas
119 842 247 884 bonis
269 850 314 884 et
338 842 514 885 idoneis
537 842 642 884 viris
666 844 996 896 resignaturus,
1031 854 1074 886 et
1104 845 1265 887 deinde
1296 845 1566 888 Societatem
1593 845 1656 885 in·

29 916 237 958 gresurus
260 901 400 951 venit,
435 909 479 944 et
510 903 712 955 quinque
742 916 898 943 secum
933 905 1135 956 polonos,
1162 905 1217 944 ad
1251 904 1367 946 idem
1400 904 1656 945 institutum

29 961 299 1016 sequendum
327 960 532 1002 adduxit.
563 962 617 1004 Et
642 961 890 1003 Nouembri
915 976 1068 1004 mense
1093 962 1327 1017 ingressus
1350 970 1433 1013 est,
1459 977 1560 1003 curn
1585 976 1655 1003 co-

29 1020 176 1063 mitum
202 1034 303 1074 pars
326 1020 667 1074 praecessisset,
696 1021 739 1061 in
766 1021 1040 1064 Societatem
1060 1022 1269 1074 admissa,
1292 1030 1335 1065 et
1359 1022 1442 1063 alia
1466 1036 1565 1064 eum
1586 1035 1656 1063 co-

28 1087 177 1122 mltata
199 1086 283 1122 est.

109 1138 177 1194 69.
245 1139 360 1180 Cum
399 1138 659 1193 Elbingam,
698 1152 813 1192 quae
847 1138 1009 1180 ciuitas
1042 1139 1240 1181 heretica
1275 1147 1342 1181 est
1375 1140 1459 1180 sub
1492 1139 1657 1181 diocesi

25 1197 271 1247 varmiensi,
293 1197 534 1239 cardinalis
558 1197 730 1240 Hosius
754 1197 948 1240 misisset
973 1198 1200 1252 proprium
1227 1206 1469 1253 pastorem.
1492 1206 1536 1239 et
1555 1212 1656 1239 cum

27 1271 76 1301 eo
113 1258 162 1299 P.
199 1257 428 1298 doctorem
470 1257 683 1299 Ioannem
725 1258 985 1308 Astensem,
1032 1265 1249 1299 rectorem
1295 1257 1473 1312 collegii
1517 1258 1655 1298 nostri

29 1315 412 1370 branspergensis⁷
452 1324 500 1357 vt
536 1315 572 1358 si
611 1325 764 1371 posset
803 1316 967 1359 ibidem
1009 1317 1369 1368 concionaretur,
1416 1316 1658 1358 comitante

31 1376 78 1418 P.
104 1375 345 1416 Francisco
367 1375 575 1427 Sunerio,
601 1375 974 1430 viceprouinciali
998 1384 1153 1417 nostro
1179 1377 1220 1417 in
1243 1375 1449 1428 Polonia,
1471 1375 1568 1418 sine
1591 1389 1656 1416 se·

29 1441 156 1476 natus
174 1447 400 1477 consensu
419 1434 598 1476 missam
622 1444 812 1489 uterque
830 1442 1089 1476 nostrorum
1116 1435 1377 1485 celebrauit,
1400 1436 1564 1489 populo
1582 1448 1659 1488 per

29 1506 288 1548 campanam
315 1502 493 1546 uocate,
527 1494 601 1547 qui
638 1507 690 1536 10
720 1494 849 1536 annis
878 1495 949 1536 vel
980 1496 1096 1536 forte
1130 1495 1334 1549 pluribus
1366 1494 1545 1535 missam
1570 1507 1660 1534 non

36 1552 243 1603 audierat,
269 1560 315 1595 et
338 1553 393 1594 ad
416 1554 682 1595 concionem
706 1553 969 1604 hereticam,
995 1568 1043 1595 se
1067 1554 1215 1595 vocari
1241 1554 1445 1608 putabat3
1472 1566 1575 1593 cum
1599 1552 1656 1593 si-

0 1628 1 1654 l
29 1611 166 1655 lentio
193 1619 342 1654 tamen
367 1620 411 1654 et
434 1613 730 1655 admiratione
749 1613 954 1655 interfuit
977 1612 1159 1664 diuinis,
1181 1622 1223 1655 et
1243 1612 1452 1654 concioni
1475 1611 1656 1652 matuti-

0 1684 124 1721 ·nae‚
153 1678 197 1714 et
221 1671 555 1726 pomeridianae
589 1672 805 1727 praedicti
841 1673 892 1715 P.
927 1672 1152 1723 Astensis3
1189 1671 1397 1726 sequenti
1429 1671 1563 1713 etiarn
1587 1670 1658 1711 die

0 1729 3 1770 f
27 1730 296 1772 celebratum
323 1740 391 1772 est
414 1745 607 1773 sacrum.
635 1732 726 1775 Sed
747 1746 849 1773 curn
876 1732 1038 1774 rediret
1062 1732 1148 1773 alio
1167 1732 1281 1773 sesto
1304 1731 1421 1773 idern
1444 1731 1593 1779 Pater,
1615 1736 1658 1771 et

0 1806 5 1830 :
27 1797 370 1845 praeocupasset
389 1792 682 1833 concionator
705 1791 933 1834 hereticus
951 1798 1239 1846 suggestum,
1263 1789 1469 1844 sequenti
1493 1789 1564 1830 die
1582 1789 1656 1830 do-

26 1847 182 1890 minico
206 1850 386 1891 demum
407 1850 603 1901 rediens,
630 1859 674 1892 et
698 1864 1037 1905 praeoccupans
1060 1858 1347 1905 suggestum,
1371 1863 1472 1890 curn
1492 1862 1659 1902 magno

1 1922 7 1942 ;
27 1906 274 1951 discrimine
297 1909 401 1951 licet
425 1924 556 1964 poma
575 1910 617 1951 in
637 1924 739 1952 eum
765 1917 809 1952 et
828 1911 1020 1963 quedam
1044 1924 1152 1952 saxa
1170 1911 1383 1960 volarent,
1406 1923 1483 1963 per
1502 1908 1656 1948 horam

0 1972 166 2009 .tamen
203 1968 348 2010 noluit
386 1969 679 2019 descendere,
721 1983 805 2011 nec
824 1983 1000 2011 cessare
1034 1969 1216 2012 auerbo
1236 1968 1319 2011 Dei
1355 1967 1658 2022 proponendo,

0 2043 6 2058 ··
27 2038 121 2068 cum
145 2026 288 2068 audiri
313 2042 418 2082 prae
436 2028 624 2083 strepitu
650 2036 839 2083 poterat.
867 2029 981 2071 Cum
1003 2036 1151 2071 autern
1177 2034 1384 2082 rogasset
1407 2040 1484 2068 eos
1511 2040 1567 2067 ne
1590 2026 1655 2067 la-

3 2083 142 2139 {pides
180 2094 444 2153 torquerent
483 2088 683 2142 quandiu
719 2088 1089 2139 concionabatur,
1127 2102 1183 2129 ne
1216 2095 1260 2130 et
1294 2087 1403 2128 alios
1437 2086 1656 2134 lederent,

0 2139 119 2198 post
150 2146 415 2188 concionem
448 2147 697 2202 lapidarent
728 2147 764 2189 si
794 2148 979 2195 vellent,
1012 2154 1242 2202 caperent,
1277 2147 1347 2189 vel
1383 2145 1655 2195 occiderent,

0 2202 121 2269 3quia
143 2219 224 2259 pro
248 2206 468 2248 catholica
494 2207 728 2262 relligione
759 2206 908 2248 omnia
939 2207 1130 2248 libenter
1159 2213 1254 2248 erat
1285 2218 1514 2259 passurUS,
1548 2211 1658 2244 atto

0 2260 115 2314 miti,
140 2273 182 2305 et
207 2265 334 2318 quasi
359 2265 543 2320 stupidi,
570 2266 808 2318 siluerunt,
841 2274 886 2308 et
915 2265 1172 2315 audierunt,
1205 2273 1250 2306 et
1279 2264 1583 2306 descendente
1606 2276 1659 2303 eo

0 2320 75 2374 ggde
95 2335 212 2378 sugg
217 2331 331 2375 estu,
360 2332 403 2368 et
427 2339 506 2380 per
537 2326 691 2367 turbas
721 2339 875 2367 eorum
907 2325 950 2366 in
983 2325 1127 2379 platea
1166 2331 1442 2372 transeunte,
1480 2322 1587 2362 nihil
1618 2321 1657 2362 ei

0 2383 275 2430 :²,noeumenti
301 2399 483 2438 prorsus
506 2384 672 2427 inferre
698 2392 1003 2426 tentauerunt.
1040 2385 1159 2426 Idem
1194 2392 1344 2425 autem
1379 2384 1559 2423 feiuens
1583 2381 1658 2422 de-

0 2411 178 2507 {isiderio
200 2443 419 2498 martyrii,
446 2458 549 2486 cum
575 2443 789 2486 cardinali
813 2444 930 2487 serio
953 2444 1136 2496 agebat,
1163 2450 1211 2483 vt
1234 2442 1382 2496 ipsum
1414 2455 1466 2482 eo
1499 2439 1655 2489 redire,

0 2493 64 2602 {iet
92 2498 127 2540 si
156 2514 270 2555 opus
299 2511 418 2544 esset
448 2503 586 2546 vitam
621 2517 849 2558 exponere
879 2517 960 2558 pro
992 2502 1224 2556 relligione
1255 2500 1548 2555 permitteret;
1580 2472 1657 2540 sed

29 2559 252 2603 cardinalis
275 2561 319 2604 id
343 2563 592 2617 prohibuit,
619 2563 716 2605 eius
740 2562 911 2603 litteras
936 2563 990 2604 de
1014 2576 1060 2604 re
1086 2569 1177 2602 tota
1196 2561 1249 2601 ad
1271 2573 1423 2614 regem
1446 2557 1658 2600 Poloniae

0 2625 9 2662 Ι
29 2614 211 2661 mittens.

0 2677 21 2730 [¹¹
105 2687 173 2729 70.
240 2679 324 2722 Die
349 2681 400 2722 Β.
429 2681 731 2736 Magdalenae
755 2681 970 2722 dominus
989 2679 1208 2722 Claudius
1232 2676 1492 2742 Aquauiua,
1530 2673 1658 2715 ducis

31 2733 132 2776 Atrii
157 2746 175 2763 ¹¹
202 2738 354 2791 frater,
387 2747 431 2782 et
461 2740 624 2781 summi
656 2740 884 2794 pontificis
917 2738 1237 2789 cubicularius,
1272 2744 1315 2779 et
1348 2735 1423 2789 qui
1452 2734 1658 2788 exemplo

0 2747 189 2925 {Uirtutis
211 2805 255 2840 et
276 2799 499 2850 doctrina,
526 2799 570 2841 in
596 2813 724 2841 sacro
748 2799 913 2864 palatio
938 2798 1147 2852 insignis,
1186 2796 1340 2838 habita
1365 2794 1578 2836 facultate
1602 2793 1658 2833 ab

20 2843 113 2925 {pso
133 2869 307 2899 summo
331 2858 562 2912 pontifice,
590 2858 865 2902 Societatem
890 2858 1126 2912 ingressus
1150 2863 1234 2906 est3
1269 2862 1313 2897 et
1344 2853 1386 2894 in
1420 2852 1489 2894 sui
1520 2852 1656 2894 abne-

22 2911 200 2970 gatione
230 2923 275 2958 et
309 2917 430 2958 omni
461 2917 646 2968 virtute,
683 2917 870 2973 egregie
908 2915 1163 2971 proficiens,
1201 2928 1301 2955 curn
1334 2911 1604 2954 obtinuisset
1632 2925 1656 2952 a

0 2994 32 3292 ΓΞ
87 3049 98 3069 t
145 3046 206 3080 Ad
226 3058 378 3093 marg„
400 3048 485 3082 alia
505 3060 645 3083 manu:
665 3048 754 3084 Vid.
778 3054 804 3083 t.
826 3055 860 3090 3,
882 3059 918 3093 p.
941 3055 1020 3090 225.
1044 3047 1079 3081 6.
1133 3056 1196 3072 -υ
1225 3045 1335 3080 Abrii
1355 3057 1425 3082 ms.
