1891 3292
613 213 1144 261 CoriiMEN'rAffloLA.-1568
1575 222 1640 266 691

58 312 334 355 instituendo
356 313 426 353 vel
455 313 682 368 augendo;
709 322 753 357 et
782 316 961 358 demum
986 319 1041 359 ad
1063 320 1174 362 haec
1198 328 1242 362 et
1265 321 1348 362 alia
1373 321 1511 363 multa
1535 321 1693 373 magni

61 371 272 414 momenti
296 371 337 412 in
363 371 599 426 regionum
618 372 792 415 illarum
812 377 1228 430 septentrionalium
1249 380 1463 422 auxilium
1487 381 1694 435 spiritua-

50 432 96 482 le
119 431 351 479 tractanda
373 438 417 471 et
447 433 731 486 exequenda,
758 436 1039 488 propositum
1064 437 1148 478 fuit
1186 439 1233 481 S.
1261 438 1338 482 Sti
1361 447 1408 480 vt
1432 440 1694 494 designaret

57 489 226 544 aliquot
248 489 513 541 cardinales,
540 491 615 545 qui
633 504 1025 547 congregarentur
1044 504 1087 538 et
1106 499 1380 550 conferrent,
1402 507 1445 540 et
1465 499 1512 542 S.
1535 498 1610 542 Sfl
1626 513 1693 542 re-

58 555 394 605 praesentarent
419 549 565 592 media
594 551 650 593 ad
673 565 749 593 eas
778 552 990 607 regiones
1014 554 1057 595 in
1086 556 1308 598 catholica
1336 558 1503 612 pietate
1526 558 1690 600 iuuan—

56 609 148 660 das,
172 615 217 650 et
239 608 521 651 executionis
544 620 700 651 eorum
724 624 878 652 curam
904 613 1141 665 haberent3
1168 622 1213 656 et
1235 616 1279 657 id
1303 617 1524 670 probauit,
1549 626 1592 660 et
1616 631 1694 660 no-

59 666 245 710 minauit
266 667 537 722 complures3
564 669 641 710 sed
664 683 718 710 ex
742 669 807 712 eis
829 668 968 725 elegit
985 684 1027 724 4,
1049 673 1220 716 scilicet
1238 682 1562 729 augustanum,
1587 678 1693 718 Bor-

11 778 14 782 ·
58 726 292 776 desieram,
317 727 659 769 Granuelanum
688 735 732 771 et
757 729 1148 773 Commendonum
1180 734 1446 786 cardinales3
1480 743 1524 776 et
1548 743 1593 776 vt
1615 736 1694 778 de-

56 785 226 841 putatio
256 785 385 828 fieret
414 785 459 827 in
489 786 632 840 primo
665 788 933 829 consistorio
964 790 1092 843 petiit
1115 791 1198 832 sibi
1223 793 1318 834 dari
1343 794 1617 848 memoriale,
1650 802 1694 838 et

53 845 243 887 alterum
267 844 323 886 de
345 856 373 897 4
396 845 625 899 deputatis
653 847 708 888 ad
738 848 1084 892 conuersionem
1109 850 1382 907 infidelium,
1410 854 1529 895 vnde
1552 854 1695 907 primo

55 904 99 945 in
121 903 408 955 consistorio,
436 916 491 958 23
517 905 629 953 Iulii,
656 906 890 960 deputatio
923 908 1038 949 facta
1062 917 1150 960 est,
1178 917 1222 951 et
1246 911 1290 953 in
1314 913 1398 953 hac
1422 912 1578 954 vltima
1601 926 1693 954 car-

3 976 5 978 ·
54 963 225 1006 dinales
249 963 478 1015 Amulius,
507 964 751 1016 Cribellus,
777 965 971 1008 Sirletus
994 974 1038 1008 et
1062 968 1258 1013 Caraffa.

141 1034 213 1076 41.
281 1023 455 1065 Eodem
479 1024 551 1066 die
572 1024 739 1078 placuit
761 1033 805 1066 vt
829 1026 876 1068 S.
901 1026 1148 1068 Audomari
1174 1029 1415 1083 episcopus
1438 1030 1493 1071 ad
1518 1029 1697 1086 collegii

55 1082 193 1123 nostri
217 1088 261 1124 et
285 1082 512 1124 seminarii
537 1097 650 1138 opus
675 1092 825 1138 posset
850 1086 1022 1138 testari,
1050 1095 1269 1140 quantum
1294 1088 1402 1130 satis
1426 1097 1546 1131 esset
1569 1090 1625 1131 ad
1644 1104 1696 1132 ea

55 1141 110 1184 ad
148 1141 475 1195 perfectionem
513 1143 796 1194 deducenda,
837 1143 873 1185 si
907 1143 1064 1186 vinens
1099 1160 1188 1187 non
1224 1148 1496 1199 absolueret;
1534 1156 1578 1190 et
1612 1148 1698 1190 alia

57 1200 276 1255 quaedam
301 1200 436 1242 etiam
461 1202 701 1244 concessit.

143 1271 215 1308 42.
284 1260 401 1302 Cum
427 1261 513 1302 sub
538 1261 672 1303 finem
697 1262 902 1317 Augusti
931 1272 974 1305 et
999 1278 1154 1307 mense
1174 1265 1432 1320 Septembri
1451 1266 1579 1307 multi
1611 1267 1696 1308 Ro-

60 1333 128 1361 me
151 1328 452 1373 morerentur,
486 1321 596 1363 etin
628 1321 775 1362 varias
804 1322 1131 1377 aegritudines,
1166 1325 1427 1378 praesertim
1462 1340 1696 1380 pauperes,

59 1377 326 1430 inciderent,
359 1393 564 1421 summus
596 1380 796 1435 pontifex
824 1381 945 1423 Patri
971 1391 1127 1423 nostro
1152 1384 1355 1437 generali
1379 1385 1619 1435 commisit,
1651 1391 1699 1425 vt

61 1437 440 1492 quemadmodum
471 1440 614 1480 nostri
645 1454 764 1481 anno
799 1441 926 1494 1566,
956 1441 1015 1482 ita
1045 1449 1090 1482 et
1114 1443 1200 1483 hoc
1229 1443 1439 1484 iuuarent
1464 1443 1698 1485 huiusmo-

59 1496 102 1538 di
125 1505 356 1551 a,egrotos;
383 1505 427 1539 et
451 1499 641 1540 multum
669 1501 888 1553 pecuniae
911 1499 1270 1543 distribuendum
1296 1503 1417 1545 dedit
1448 1503 1605 1556 egenis
1634 1503 1698 1544 in-

61 1563 125 1598 ter
147 1570 240 1608 eos;
268 1557 389 1610 quod
412 1564 457 1598 et
480 1558 640 1600 sedulo
662 1567 706 1599 et
729 1573 833 1600 cum
859 1561 1008 1601 fructu
1034 1560 1199 1602 factum
1224 1570 1308 1604 est.

147 1627 219 1669 43.
286 1617 480 1658 Tornaci
505 1618 592 1659 hac
614 1625 786 1661 aestate
808 1619 971 1660 domus
1003 1620 1279 1674 probationis
1308 1628 1376 1663 est
1406 1621 1629 1667 instituta.
1656 1627 1700 1663 et

60 1687 300 1729 puerorum
324 1675 368 1717 in
399 1675 644 1718 christiana
668 1678 878 1719 doctrina
902 1679 1142 1730 institutio,
1171 1681 1292 1733 prius
1316 1690 1463 1734 cepta,
1489 1693 1697 1734 progres—

0 1754 1 1758 ¹
60 1748 155 1788 sum
182 1735 287 1776 fecit
310 1735 463 1777 addito
487 1736 808 1779 concionatore
834 1739 908 1779 Re
936 1739 1135 1780 Roberto
1159 1740 1428 1782 Claissonio.

146 1805 221 1846 44.
286 1794 433 1837 Toleti
456 1796 621 1838 domus
645 1797 924 1850 probationis
948 1798 1079 1839 etiam
1105 1799 1312 1840 instituta
1335 1807 1403 1840 est
1434 1800 1518 1839 hac
1543 1799 1699 1840 eadem

60 1859 216 1903 estate,
257 1867 374 1907 quae
412 1854 545 1896 simul
585 1869 688 1896 cum
728 1858 930 1910 professa
970 1858 1104 1899 domo
1142 1858 1427 1901 eleemosinis
1465 1864 1695 1901 sustenta-

63 1918 199 1955 retur.

145 1981 218 2024 45.
285 1972 518 2027 Compluti
541 1987 644 2015 cum
668 1973 712 2015 in
738 1975 932 2029 collegio
959 1982 1115 2017 nostro
1140 1977 1273 2018 lectio
1304 1977 1562 2031 theologica
1592 1990 1696 2017 con-

61 2043 242 2072 cursum
268 2045 484 2084 magnum
509 2033 677 2074 habere
701 2034 940 2087 coepisset,
971 2034 1242 2077 Vniuersitas
1272 2036 1489 2090 impedire
1517 2036 1697 2078 audito—

64 2103 130 2131 res
158 2096 203 2132 et
233 2098 439 2133 auertere
469 2106 492 2133 a
522 2092 717 2147 collegio
748 2101 909 2135 conata
938 2103 1021 2141 est:
1049 2095 1128 2136 sed
1159 2095 1421 2138 scholastici
1451 2096 1505 2136 ad
1529 2094 1698 2136 curiam

64 2148 311 2192 Vallisoleti
334 2164 382 2192 se
406 2151 698 2194 conferentes
721 2152 815 2194 suis
838 2153 1096 2207 sumptibus
1121 2154 1240 2196 litem
1274 2156 1496 2206 vicerunt,
1523 2162 1568 2195 et
1597 2169 1699 2195 san-

62 2207 198 2249 citum
233 2209 331 2264 fuit,
385 2217 433 2251 vt
463 2209 602 2252 libere
632 2211 775 2252 nostri
806 2213 1083 2267 praelegere,
1117 2222 1160 2254 et
1191 2214 1421 2257 auditores
1457 2213 1700 2268 collegium
1736 2240 1740 2243 -

63 2266 186 2309 adire
210 2276 408 2322 possent.

149 2327 221 2379 46.
288 2328 384 2371 Sub
409 2335 677 2370 autumnum
704 2329 858 2372 venire
884 2332 1069 2372 Romam
1101 2332 1420 2385 vndecumque
1452 2340 1702 2385 coeperunt

65 2393 376 2439 procuratores
400 2388 752 2442 prouinciarum;
780 2400 824 2430 et
848 2388 918 2431 2³
943 2391 1159 2432 Octobris
1183 2400 1334 2445 aperta
1357 2400 1424 2433 est
1449 2404 1699 2444 congrega-

65 2443 139 2498 tio,
165 2452 209 2486 et
232 2446 478 2489 constituta
501 2447 576 2489 illo
600 2456 643 2490 et
668 2449 878 2502 sequenti
901 2449 972 2490 die
1003 2465 1118 2503 quae
1141 2451 1197 2490 ad
1220 2451 1458 2501 negocium
1484 2450 1699 2491 delibera-

67 2502 196 2545 tionis
229 2506 285 2548 de
323 2507 530 2561 cogenda
569 2508 930 2562 congregatione
964 2509 1164 2563 generali
1203 2510 1506 2563 pertinebant3
1549 2518 1592 2549 et
1633 2506 1703 2550 of*

67 2563 296 2615 Octobris,
336 2566 537 2607 vnanirni
570 2562 771 2608 omnium
805 2582 1048 2619 consensu,
1087 2570 1382 2610 constitutum
1417 2576 1483 2611 est
1519 2577 1565 2608 vt
1597 2581 1699 2608 con-

67 2623 272 2677 gregatio
296 2625 523 2679 generalis
546 2641 634 2667 non
661 2634 918 2680 cogeretur.
948 2628 1049 2669 Alia
1082 2642 1186 2670 vero
1217 2629 1407 2682 negocia
1440 2627 1697 2682 prouincia-

67 2695 160 2722 rum
186 2690 290 2725 ante
313 2685 400 2726 hoc
425 2692 604 2738 ternpus
627 2694 670 2726 et
696 2694 795 2739 post
819 2686 944 2736 illud,
974 2688 1130 2741 partim
1156 2701 1306 2728 coram
1336 2690 1407 2729 PF
1433 2686 1633 2741 generali
1658 2693 1701 2726 et

67 2742 398 2785 consultoribus
437 2744 550 2795 eius,
593 2745 752 2799 partim
792 2760 940 2787 coram
967 2746 1107 2800 ipsius
1141 2747 1492 2794 consultoribus,
1522 2752 1700 2798 propter

67 2800 395 2854 aegritudinem
435 2804 623 2846 absente
657 2806 729 2846 Re
759 2806 976 2858 generali,
1010 2806 1215 2847 confecta
1248 2806 1445 2847 fuerunt.
1482 2807 1700 2847 Procura-

69 2865 184 2900 tores
207 2871 355 2904 autern
388 2876 545 2905 omnes
575 2863 820 2905 adfuerunt
850 2865 1069 2917 (exceptis
1099 2865 1408 2906 transmarinis
1439 2863 1727 2919 prouinciisQ

69 2926 242 2970 praeter
271 2921 488 2963 Franciae
517 2930 855 2977 procuratorem
888 2925 942 2965 D.
978 2925 1235 2964 Emundum
1267 2925 1447 2978 Hayum
1481 2930 1700 2964 rectorem

70 2977 243 3032 collegii
268 2980 540 3033 parisiensis,
567 2981 641 3022 cui
659 2982 856 3023 venienti
882 2983 1084 3035 Romam,
1108 2984 1257 3023 mulus
1277 2993 1468 3025 onustus
1486 2981 1699 3031 occurrit,

69 3041 113 3077 et
135 3039 448 3093 praecipitauit
470 3055 525 3082 ex
549 3041 697 3083 aedito
722 3042 852 3083 valde
876 3042 994 3082 cliuo
1018 3041 1063 3083 in
1088 3043 1264 3094 vallem3
1290 3050 1334 3083 et
1358 3043 1460 3085 licet
1486 3040 1704 3096 miraculo
