1891 3292
525 149 661 183 EPIST.
685 148 864 185 236.—23
893 152 1086 187 AUGUsn
1120 162 1206 197 1575
1565 156 1631 202 355

53 264 134 311 sto,
158 252 433 296 l'habbiamo
456 250 532 305 qui
562 250 784 303 riceuuto,
817 260 859 293 et
894 253 929 293 si
959 254 1226 297 desideraua
1255 256 1364 298 darli
1400 257 1522 300 aiuto
1556 259 1676 301 nello

53 331 202 389 spirito
224 343 301 385 per
327 328 399 370 uia
421 326 764 382 degl'essercitii
788 328 1006 382 spirituali
1030 339 1072 372 et
1097 331 1195 372 altri
1219 334 1455 387 corporali3
1482 349 1552 376 ma
1575 350 1676 377 esso

54 412 107 452 ha
129 413 389 462 preuenuto‚
413 413 457 447 et
480 404 707 446 credendo
731 405 803 445 noi
828 406 912 448 che
938 407 1057 448 fusse
1077 408 1240 449 andato
1266 409 1305 450 ai
1330 411 1582 464 03ρο001111,
1613 412 1675 452 fra

52 483 165 541 quali
188 482 305 524 tiene
329 496 386 523 un
412 481 587 523 fratello
612 480 855 535 principale
880 481 922 522 in
947 484 1094 536 quella
1120 484 1356 539 religione,
1381 486 1421 527 ci
1444 487 1584 529 siamo
1606 488 1673 529 in-

55 559 238 610 formati,
264 566 308 601 et
331 558 370 600 ci
394 559 483 599 han
507 558 631 600 detto
655 558 742 600 che
766 559 927 600 uoleua
957 560 1095 601 andar
1124 561 1222 602 fuor
1247 562 1291 602 di
1313 570 1472 615 questa
1499 564 1674 618 prouin-

53 638 132 688 cia,
157 645 199 679 et
224 635 364 691 potria
387 649 509 677 esser
532 636 616 677 che
640 636 786 677 anche
809 634 1030 678 arriuasse
1055 651 1078 678 a
1105 638 1260 680 Roma.
1288 639 1360 680 Ha
1392 640 1513 681 buon
1540 642 1675 684 talen-

55 724 96 758 to
125 714 238 756 nelle
261 714 435 762 lettere,
469 719 513 754 et
536 712 609 752 nel
632 711 885 766 predicare,
912 721 955 755 et
986 713 1182 754 dottrina
1214 713 1374 758 xfiana.
1404 717 1523 758 Vero
1547 718 1569 760 ὲ
1593 719 1678 760 che

53 793 192 847 doppo
225 791 366 831 hauer
400 788 567 830 sentito
601 787 628 829 il
663 802 792 830 corso
827 789 946 831 s’era
983 789 1056 843 gia
1093 804 1181 831 una
1223 792 1340 832 uolta
1374 794 1533 846 partito
1566 795 1679 836 dalla

54 866 342 922 Compagnia,
370 873 413 907 et
444 864 690 920 ripigliatQ
724 872 768 907 et
800 872 961 907 tenuto
995 866 1144 907 alcuni
1176 868 1284 909 mesi
1317 877 1474 909 contra
1496 885 1574 911 sua
1601 885 1676 911 00-

53 944 166 987 lonta
184 944 228 985 in
251 942 512 998 penitentia.
539 941 687 996 Dopoi
707 956 856 984 uenne
880 955 966 983 con
991 956 1103 996 gran
1127 943 1351 986 desiderio
1382 960 1405 986 a
1434 946 1676 988 domandar

54 1024 89 1065 la
109 1019 405 1075 Compagnia3
432 1031 475 1060 et
500 1018 665 1074 perche
687 1026 917 1060 mostraua
940 1018 984 1059 di
1008 1018 1303 1062 riconoscersi
1329 1022 1482 1071 molto,
1505 1023 1676 1064 l’accet—

55 1098 95 1141 to
115 1098 142 1139 il
168 1097 307 1139 Padre
331 1096 623 1151 prouinciale,
651 1103 697 1138 et
718 1095 961 1150 l'adopero,
988 1110 1114 1138 come
1138 1097 1181 1137 di
1205 1112 1338 1151 sopra
1368 1099 1427 1139 ho
1456 1099 1596 1142 detto.
1624 1100 1677 1141 Di

53 1183 204 1231 questo
226 1176 286 1216 ho
309 1175 414 1215 dato
437 1173 580 1223 auiso,
608 1173 772 1228 perche
803 1174 947 1228 potria
977 1188 1099 1214 esser
1130 1175 1214 1215 che
1244 1188 1524 1229 comparesse
1549 1177 1590 1216 di
1615 1176 1673 1217 13.

53 1241 86 1296 E
107 1251 216 1296 assai
240 1251 535 1294 melancolico
558 1250 604 1292 di
626 1250 971 1305 complessione;
999 1251 1069 1292 del
1102 1260 1220 1293 resto
1251 1266 1361 1293 sano
1391 1260 1435 1293 et
1465 1253 1592 1295 forte.
1620 1255 1679 1296 Se

53 1328 258 1373 ace-adera
275 1329 447 1371 scriuer
470 1342 576 1370 cose
606 1327 684 1383 piu
714 1327 987 1382 particolari‚
1012 1327 1047 1369 si
1073 1328 1166 1369 fara
1197 1328 1385 1370 un'altra
1415 1330 1550 1373 uolta.
1578 1331 1678 1372 Non

51 1408 74 1450 ἑ
94 1415 183 1451 atto
207 1421 287 1462 per
309 1407 464 1450 schole
489 1406 533 1448 in
558 1406 692 1447 modo
716 1406 894 1447 alcuno.

136 1498 173 1538 3.
235 1485 421 1539 Quanto
445 1484 486 1526 al
512 1485 566 1526 P.
591 1482 823 1526 Giouanni
846 1483 1003 1537 Saluo,
1032 1482 1131 1524 5313
1157 1483 1331 1524 3015310
1354 1483 1397 1524 di
1422 1484 1569 1536 quello
1593 1485 1675 1526 che

55 1563 106 1606 V.
130 1562 179 1605 P.
204 1561 377 1612 ordina,
403 1561 500 1603 cioe
523 1562 608 1602 che
631 1559 782 1602 scriua
810 1559 880 1602 010
911 1561 993 1602 che
1026 1562 1173 1611 uorsa,
1206 1570 1249 1601 et
1281 1574 1368 1601 non
1402 1561 1515 1602 uada
1544 1561 1671 1602 altra-

53 1647 193 1682 mente
215 1653 239 1681 a
261 1640 422 1681 Roma.
452 1639 572 1680 Vero
595 1639 620 1680 0
644 1639 728 1680 che
751 1652 799 1680 se
825 1652 912 1678 non
943 1637 1010 1678 s'e
1035 1644 1206 1679 mutato
1229 1638 1376 1692 doppo
1402 1638 1441 1679 la
1466 1637 1552 1678 mia
1577 1652 1674 1692 par-

52 1704 126 1758 tita
147 1715 188 1757 di
209 1717 415 1758 Palermo
439 1729 527 1757 con
549 1715 588 1756 la
614 1724 757 1769 peste,
783 1723 892 1765 etc.‚
920 1729 1009 1755 non
1035 1714 1056 1755 0
1084 1713 1326 1756 uerisimile
1349 1715 1431 1755 che
1455 1713 1490 1754 si
1514 1713 1675 1755 habbia

53 1799 173 1848 tropo
195 1808 217 1836 a
241 1793 460 1848 quietare.

134 1869 263 1925 Dipoi
285 1871 344 1912 ho
375 1870 578 1913 riceuuta
611 1869 759 1924 quella
789 1869 831 1910 di
866 1869 921 1909 V.
962 1870 1011 1910 P.
1048 1868 1118 1910 de'
1152 1880 1175 1910 2
1200 1868 1242 1909 di
1268 1867 1446 1922 Luglio,
1475 1875 1518 1910 et
1542 1868 1675 1921 quelli

53 1947 159 1989 auisi
181 1949 262 1990 che
284 1948 446 1990 manda
470 1947 496 1988 il
524 1949 573 1990 P.
605 1948 768 1990 Porres
787 1961 919 2001 sopra
937 1945 1148 1987 l’abbatia
1166 1960 1395 2000 promessa
1418 1945 1457 1986 31
1482 1944 1674 1999 collegio

53 2023 93 2065 di
115 2025 322 2076 Messina3
348 2032 393 2067 et
415 2024 528 2066 oltra
552 2024 596 2066 di
620 2023 926 2066 comunicarla
956 2024 996 2065 31
1032 2023 1176 2065 Padre
1200 2021 1490 2077 prouinciale,
1518 2036 1674 2076 procu-

52 2101 143 2142 rero
164 2101 199 2143 si
223 2102 363 2144 faccia
387 2102 430 2143 di
455 2110 580 2157 parte
604 2102 645 2143 di
671 2109 829 2156 questa
855 2100 1084 2155 prouincia
1108 2099 1258 2154 quello
1282 2101 1366 2140 che
1390 2099 1425 2139 si
1448 2098 1617 2140 ricerca
1640 2097 1671 2139 ³.

135 2191 175 2231 4.
239 2178 640 2234 Dell'indulgentie
679 2192 896 2220 concesse
930 2178 1014 2219 sub
1048 2176 1380 2226 ratihabitione,
1418 2189 1505 2216 non
1541 2175 1675 2216 credo

54 2255 131 2296 che
147 2255 185 2296 ci
207 2255 271 2297 sia
294 2264 424 2311 tropo
448 2255 662 2311 pericolo‚
686 2255 850 2310 perche
873 2255 1122 2296 solamente
1146 2255 1204 2294 ho
1228 2253 1350 2295 detto
1374 2252 1417 2293 di
1440 2252 1673 2294 conceder⁷

53 2330 94 2373 in
110 2334 441 2395 generequelle
458 2335 542 2375 che
560 2340 743 2388 poteuo,
760 2340 805 2375 et
823 2334 907 2374 che
926 2331 1040 2374 nelle
1058 2330 1191 2373 uisite
1210 2330 1414 2385 sogliono
1434 2329 1673 2371 conceder-

53 2407 87 2449 si
103 2409 146 2450 di
167 2417 290 2464 parte
311 2410 355 2452 di
380 2411 435 2453 V.
465 2412 537 2461 P„
564 2418 608 2452 et
631 2425 657 2452 3
679 2410 749 2452 010
774 2408 894 2451 111Ἰ13
919 2410 1024 2450 dato
1042 2408 1084 2449 la
1108 2407 1254 2462 spinta
1273 2406 1303 2447 il
1325 2406 1467 2447 Padre
1486 2405 1672 2459 prouin-

117 2543 130 2563 ³
178 2544 324 2590 Scripta
344 2546 468 2580 Patris
490 2547 627 2580 Porres
646 2558 744 2592 quae
761 2546 822 2579 hic
841 2545 1075 2587 referuntur,
1099 2544 1135 2577 in
1154 2542 1287 2576 codice
1314 2542 1404 2576 Ital.
1426 2548 1509 2584 147,
1531 2539 1573 2575 ff.
1595 2540 1678 2583 267-

55 2603 116 2636 268
133 2610 346 2651 servantur3
368 2611 407 2639 et
425 2611 582 2640 narrant
610 2616 655 2639 ea
679 2616 778 2651 quae
808 2603 954 2649 pridem
986 2608 1098 2647 gesta
1127 2607 1250 2643 erant,
1271 2606 1309 2634 et
1330 2611 1427 2645 quae
1456 2605 1546 2633 tunc
1565 2610 1675 2643 gere-

56 2665 184 2711 bantur
199 2675 264 2708 pro
283 2666 440 2709 negotio
459 2663 640 2699 abbatiae
661 2663 924 2698 messanensis
955 2661 1123 2702 collegii.
1154 2661 1295 2694 Iterum
1315 2660 1362 2693 de
1382 2671 1421 2692 re
1450 2659 1675 2692 Domenech

53 2720 97 2755 ad
113 2722 404 2768 Mercurianum,
425 2723 471 2758 30
488 2725 657 2768 Augusti
677 2723 761 2769 ejus
781 2724 883 2759 anni:
907 2722 999 2756 Ital.
1029 2721 1115 2764 148,
1139 2720 1203 2755 fol.
1225 2726 1306 2762 2513
1329 2725 1408 2752 tum
1430 2718 1618 2751 Polancus
1638 2718 1675 2751 in

56 2780 161 2825 epist.
181 2793 276 2829 seq.⁷
305 2795 341 2818 n.
371 2793 405 2828 53
433 2784 576 2830 quibus
603 2782 813 2829 respondet
835 2781 1098 2816 Mercurianus
1131 2780 1152 2813 8
1181 2778 1378 2821 Octobris,
1400 2777 1445 2811 ad
1466 2777 1677 2811 Polancum

55 2839 203 2875 mittens
222 2842 368 2877 litteras
387 2843 513 2878 Patris
530 2844 681 2886 Porres,
700 2842 929 2877 nunciantes
945 2851 1171 2875 concessum
1189 2849 1347 2871 munere
1363 2836 1470 2881 regio
1486 2847 1675 2880 augmen-

55 2904 129 2933 tum
147 2910 214 2944 900
232 2901 457 2937 ducatorum
477 2905 516 2937 in
531 2903 730 2938 dotatione
749 2902 904 2946 collegii
927 2899 1203 2941 messanensis,
1225 2898 1276 2931 ita
1296 2903 1337 2931 ut
1357 2908 1423 2941 per
1443 2901 1521 2930 tres
1540 2907 1674 2938 annos,

56 2958 134 2993 loco
152 2969 232 3003 500,
253 2960 392 2996 dentur
411 2962 494 2996 800.
