1953 3333
276 267 321 301 72
779 254 962 287 PoLANc1
996 259 1309 287 COMPLEMENTA

314 359 354 399 ὁ.
424 358 522 399 Α113
547 354 774 410 prouincia
796 353 839 395 di
863 352 1013 396 Sicilia
1043 351 1078 393 si
1110 351 1385 394 mandorono
1418 352 1583 405 undici,
1617 360 1796 407 quattro
1821 367 1850 393 o

226 434 388 488 cinque
411 433 453 474 di
484 434 580 473 loro
612 430 848 480 sacerdoti,
881 430 946 470 de’
970 427 1090 482 quali
1122 427 1270 470 alcuni
1293 442 1439 470 sonno
1470 429 1753 484 predicatori,
1783 440 1848 474 tre

226 526 302 566 per
326 512 516 558 maestri,
543 516 585 550 et
611 522 699 548 uno
725 506 768 547 di
793 508 885 547 loro
910 520 985 560 per
1009 506 1194 559 leggere
1224 505 1264 546 13
1297 505 1539 560 theologia;
1573 506 1740 560 gl'altri
1770 521 1848 561 per

226 585 454 627 coaiutori.
482 585 582 626 Alle
606 582 832 638 prouincie
855 580 1147 634 d'Aquitania
1170 587 1213 623 et
1238 581 1425 623 Francia
1447 582 1483 623 si
1508 582 1669 623 mando
1688 596 1765 637 per
1783 582 1846 624 ui-

225 662 378 703 sitator
400 661 427 701 il
457 663 505 702 P.
534 660 778 709 Euerardo,
811 672 900 700 uno
930 658 1051 711 degli
1082 657 1307 699 assistenti
1338 657 1381 699 di
1414 666 1566 699 nostro
1594 658 1748 710 Padre,
1780 660 1847 700 col

228 740 276 780 P.
309 737 553 779 Posseuino
578 751 654 791 per
676 748 943 789 compagno;
971 749 994 775 e
1018 733 1053 775 si
1073 735 1186 776 bene
1211 735 1276 776 fra
1307 735 1485 789 pericoli
1515 742 1559 777 et
1584 735 1773 790 trauagli
1803 736 1846 777 di

224 815 325 867 quel
350 827 507 867 regno,
532 812 753 867 speriamo
776 813 860 853 che
884 811 999 852 della
1021 825 1101 853 sua
1125 811 1351 865 prudenza
1374 825 1398 852 e
1421 811 1589 853 charita
1613 811 1649 852 si
1678 811 1848 854 seruira

225 891 361 931 molto
384 889 507 931 Iddio
530 890 587 930 N.
614 890 660 931 S.
688 889 832 931 Senza
860 887 1022 941 questi,
1048 888 1084 928 si
1108 884 1408 929 son’mandati
1432 889 1701 941 quest'anno
1734 887 1847 929 dieci

225 965 388 1015 lettori,
418 971 504 1006 uno
523 965 565 1005 di
590 963 817 1018 theologia
841 979 918 1017 per
945 962 1110 1017 Parigi,
1137 963 1286 1004 l’altro
1308 963 1439 1004 d’arti
1467 978 1542 1017 per
1565 965 1790 1015 Tornone3
1817 964 1846 1005 il

228 1048 345 1082 resto
369 1056 444 1095 per
466 1041 643 1084 diuerse
669 1041 810 1081 classe
838 1039 881 1080 di
911 1038 1149 1089 rhetorica,
1179 1039 1438 1093 gramatica,
1476 1040 1520 1080 in
1553 1039 1625 1080 doi
1650 1040 1842 1095 collegii.

228 1118 343 1159 Altri
366 1117 438 1158 doi
460 1117 494 1158 si
519 1118 794 1158 mandorono
819 1130 895 1170 per
919 1129 1138 1170 gouerno,
1165 1123 1209 1157 et
1232 1130 1291 1156 un
1316 1115 1359 1157 di
1382 1116 1475 1157 loro
1499 1130 1574 1170 per
1603 1123 1770 1158 mastro
1791 1117 1847 1159 de

227 1194 399 1243 nouitii,
426 1208 502 1248 per
525 1195 601 1235 dar
626 1192 841 1247 principio
859 1193 914 1233 ad
938 1206 1027 1233 una
1052 1206 1155 1233 casa
1173 1192 1216 1233 di
1240 1192 1502 1247 probatione
1520 1192 1564 1233 in
1583 1192 1842 1247 Auignone.

316 1281 355 1321 7.
422 1270 566 1313 Senza
591 1269 751 1323 questi,
779 1268 1048 1323 porgendosi
1074 1268 1310 1310 occasione
1332 1269 1416 1310 che
1438 1268 1466 1309 il
1495 1283 1607 1323 papa
1625 1270 1845 1311 mandaua

227 1359 433 1387 soccorso
456 1346 498 1386 di
521 1353 658 1400 gente
680 1345 858 1387 italiana
886 1345 925 1386 al
955 1344 1324 1387 christianissimo
1349 1359 1395 1386 re
1424 1345 1466 1386 di
1496 1344 1702 1396 Francia,
1728 1346 1845 1388 nelle

229 1422 449 1464 necessita
472 1424 553 1463 che
578 1423 678 1476 quel
708 1436 850 1476 regno
879 1422 1024 1463 l'anno
1055 1429 1231 1475 passato
1259 1423 1451 1474 haueua,
1482 1422 1611 1463 cerco
1639 1437 1663 1464 a
1693 1430 1845 1463 nostro

226 1499 369 1540 Padre
392 1499 571 1553 general
590 1499 672 1540 che
695 1498 728 1539 si
753 1499 934 1540 dessero
957 1496 1120 1548 alcuni,
1147 1497 1159 1537 i
1184 1497 1300 1551 quali
1326 1505 1553 1540 tenessero
1576 1512 1683 1540 cura
1701 1498 1843 1540 d'aiu-

225 1582 292 1615 tar
314 1574 426 1616 nelle
449 1588 551 1616 cose
573 1574 827 1616 dell’anima
851 1576 890 1615 13
913 1589 993 1615 sua
1016 1581 1154 1628 gente
1176 1588 1259 1615 con
1284 1575 1324 1616 la
1343 1574 1521 1629 predica
1545 1590 1568 1617 e
1592 1589 1843 1617 sacramen-

225 1650 253 1691 ti
277 1659 321 1691 et
343 1651 452 1692 altre
476 1650 544 1692 uie
566 1651 694 1692 solite
717 1651 800 1693 alla
824 1659 975 1692 nostra
995 1651 1291 1705 Compagnia,
1313 1658 1357 1692 et
1381 1652 1523 1692 anche
1541 1651 1585 1692 in
1606 1652 1751 1705 quelle
1771 1652 1840 1693 del

224 1740 373 1780 corpo,
402 1728 611 1769 hauendo
636 1741 742 1768 cura
764 1727 1110 1781 dell’hospedale
1135 1728 1220 1770 che
1239 1728 1400 1769 uoleua
1426 1728 1541 1769 fosse
1565 1728 1636 1769 nel
1665 1742 1838 1782 campo,

181 1823 190 1835 ι
221 1810 265 1844 et
288 1802 431 1844 d'altri
458 1803 570 1844 feriti
595 1817 621 1844 o
643 1803 833 1859 infermi.
862 1804 897 1844 E
921 1802 1013 1845 cosi
1038 1804 1180 1845 elesse
1199 1811 1352 1845 nostro
1378 1804 1521 1846 Padre
1544 1804 1707 1858 cinque
1737 1804 1841 1845 boni

221 1879 418 1933 soggetti
445 1878 459 1897 ⁴
485 1894 560 1933 per
589 1887 744 1933 questa
776 1880 1004 1930 missione,
1042 1887 1108 1922 tre
1136 1880 1356 1922 sacerdoti
1390 1895 1464 1934 per
1493 1881 1762 1931 confessare,
1798 1887 1843 1922 et

223 1954 287 1995 fra
311 1955 403 1995 loro
426 1955 527 1996 duoi
555 1956 836 2010 predicatori,
863 1964 906 1998 et
929 1957 1029 1998 altri
1052 1957 1173 2007 duoi‚
1201 1971 1390 2012 persone
1408 1956 1451 1997 di
1476 1957 1614 1998 molto
1638 1956 1839 2011 ricapito,

223 2045 298 2083 per
322 2030 348 2070 il
374 2045 577 2085 gouerno
599 2032 881 2074 dell'infermi
907 2040 949 2074 et
973 2033 1082 2074 altre
1106 2048 1240 2088 opere
1263 2033 1306 2074 di
1331 2033 1503 2074 charita
1528 2035 1610 2075 che
1630 2034 1699 2075 nel
1724 2047 1840 2075 cam—

221 2121 276 2160 po
305 2107 339 2148 si
375 2108 595 2149 sarebbon
626 2115 782 2162 poturo
813 2110 1007 2152 offerire.
1042 2110 1182 2152 Diede
1213 2111 1308 2151 loro
1342 2110 1369 2150 il
1409 2124 1583 2151 summo
1622 2110 1842 2164 pontefice

221 2183 355 2223 molte
377 2184 520 2237 ampie
545 2184 721 2235 facolta‚
746 2185 931 2228 insieme
954 2199 1038 2227 con
1063 2187 1102 2227 la
1125 2200 1206 2227 sua
1228 2185 1551 2228 benedittione.
1575 2187 1629 2227 Et
1653 2185 1697 2227 in
1723 2187 1835 2228 Vul-

220 2258 366 2312 piano,
393 2266 508 2301 terra
530 2260 599 2302 del
626 2260 871 2312 Piamonte,
896 2262 1012 2302 doue
1036 2262 1071 2303 si
1097 2263 1190 2303 fece
1214 2262 1254 2304 la
1277 2277 1422 2303 massa
1445 2263 1560 2304 della
1583 2249 1736 2317 gente,
1757 2277 1835 2304 co-

220 2333 492 2376 minciarono
515 2351 538 2377 a
564 2336 626 2376 far
648 2336 675 2377 il
705 2352 786 2378 suo
815 2338 970 2387 offitio,
1005 2338 1275 2392 predicando
1303 2338 1409 2392 ogni
1434 2338 1593 2393 giorno
1617 2340 1697 2379 hor
1716 2339 1841 2380 l’uno

220 2411 302 2451 hor
324 2411 465 2452 l'altro
489 2412 558 2452 de'
587 2412 849 2465 predicatori
879 2415 920 2455 a'
956 2414 1133 2469 soldati,
1160 2421 1204 2456 et
1227 2415 1526 2455 confessando
1549 2429 1660 2469 gran
1686 2428 1838 2456 nume-

220 2500 267 2526 ro
289 2493 306 2510 ²²
327 2487 369 2526 di
387 2487 494 2529 loro:
523 2495 644 2529 tanto
666 2490 748 2530 che
766 2490 794 2530 li
819 2505 949 2544 parea
974 2490 1048 2545 piu
1073 2498 1188 2532 tosto
1211 2490 1255 2531 di
1278 2497 1369 2532 star
1393 2490 1436 2531 in
1461 2505 1549 2532 una
1569 2490 1837 2545 penitentie-

219 2561 282 2602 ria
304 2562 347 2603 di
372 2563 548 2617 Loreto,
573 2565 654 2606 che
678 2565 721 2605 in
747 2566 1048 2608 un'essercito.
1079 2568 1178 2609 Non
1210 2567 1253 2608 ui
1282 2581 1357 2608 era
1380 2567 1708 2616 bestemmiare,
1744 2581 1834 2608 non

219 2638 411 2690 ἶ(ζίιιτ3τε,
438 2639 491 2680 ne
517 2640 625 2682 altre
648 2654 752 2683 cose
771 2641 981 2695 publiche
1004 2644 1090 2683 mal
1118 2644 1245 2685 fatte.
1280 2643 1315 2684 E
1333 2656 1417 2684 con
1437 2642 1682 2697 interporre
1701 2643 1740 2684 13
1759 2657 1838 2684 sua

220 2714 409 2755 autorita
432 2714 459 2754 il
483 2716 635 2769 signos
658 2725 790 2759 conte
815 2718 858 2759 cli
885 2728 1011 2760 santa
1035 2719 1182 2770 Fiore,
1209 2719 1385 2774 capitan
1409 2720 1632 2774 generale,
1656 2727 1699 2761 et
1723 2719 1751 2759 il
1774 2719 1835 2760 si—

220 2802 334 2841 gnor
367 2791 524 2832 Latino
558 2792 739 2844 Orsino,
772 2802 937 2835 mastro
960 2795 1002 2836 di
1026 2810 1201 2849 campo,
1229 2795 1264 2837 si
1289 2796 1418 2838 diede
1443 2796 1611 2848 ordine,
1636 2797 1720 2837 che
1748 2796 1838 2838 del-

291 2920 307 2935 a
358 2910 420 2944 Sic
438 2912 480 2944 in
500 2913 562 2952 B„
582 2914 623 2946 in
644 2913 691 2949 Ρ.
712 2915 792 2958 legi
810 2917 944 2960 nequit
964 2917 1044 2950 nisi
1064 2928 1127 2950 nu.

294 3028 306 3044 ⁴
356 3027 465 3069 Ibid.,
487 3040 522 3063 n.
548 3037 600 3072 103
621 3030 671 3066 cf.
692 3032 806 3065 etiam
827 3032 939 3076 epist.
965 3042 1043 3077 147,
1063 3039 1196 3071 annot.
1228 3035 1280 3070 16.
