1891 3292
238 223 305 265 334
738 221 928 256 POLANC1
955 231 1273 257 COMPLEMENTA

947 358 1049 409 228

568 479 934 517 POLANCUS
976 480 1438 517 MERCURIANO

684 588 889 614 PANORMO
918 588 961 624 27
990 589 1150 615 APRILIS
1182 588 1270 623 1575
1298 581 1325 616 ¹.

251 680 488 725 Freqzcentia
506 680 549 713 in
568 681 725 724 agendo
743 691 831 713 cum
851 680 1088 724 quibusdam
1107 681 1480 714 sanctimonialibus
1493 681 1756 726 praeciditur.

276 782 305 836 ἦ·
322 782 421 836 Jhs.
450 781 590 822 Molto
616 781 727 822 Rdo.
756 779 801 820 in
825 780 910 823 Χ.Ο
935 781 1080 823 Padre
1105 788 1277 823 nostro.
1305 781 1396 835 Qui
1420 781 1564 823 trouai
1583 783 1667 825 che
1686 782 1722 824 si
1740 797 1814 825 an·
1878 813 1879 835 i

187 860 303 900 daua
322 858 460 898 molto
484 871 639 912 spesso
662 857 700 898 al
725 857 996 899 monasterio
1013 857 1084 899 del
1104 857 1314 912 Roglion,
1336 865 1380 898 et
1399 858 1512 899 oltra
1528 858 1570 901 le
1587 858 1812 913 prediche‚
1878 838 1879 850 ¹

185 935 225 975 vi
257 948 394 976 erano
426 933 699 976 confessioni
732 933 871 975 molto
905 933 1144 984 ordinarie,
1182 941 1225 976 et
1258 934 1325 976 dir
1356 933 1395 976 la
1425 948 1586 986 messe,
1614 935 1709 976 farli
1740 937 1814 978 far'
1876 991 1878 995 v

188 1011 367 1053 l’hostie
391 1025 466 1065 per
491 1017 644 1052 nostra
667 1009 836 1060 chiesa,
857 1017 902 1051 et
919 1010 1031 1051 altre
1049 1024 1155 1052 cose
1173 1025 1252 1065 per
1275 1011 1315 1052 la
1338 1010 1561 1052 sacristia.
1588 1012 1642 1053 Et
1660 1012 1815 1056 d'altre
1876 1037 1879 1050 .

185 1101 288 1130 cose
311 1087 590 1128 domestiche
614 1086 673 1127 mi
697 1100 864 1140 pareua
887 1086 1151 1140 pigliassino
1174 1086 1187 1127 i
1212 1086 1355 1128 nostri
1378 1087 1452 1141 piu
1477 1095 1708 1142 assumpto
1730 1089 1814 1132 che

184 1178 466 1206 conueneua:
495 1170 619 1204 tanto
643 1163 726 1204 che
743 1164 802 1203 ho
832 1162 948 1203 visto
979 1177 1063 1203 vna
1089 1162 1231 1217 poliza
1255 1164 1310 1206 de
1341 1178 1430 1205 vno
1460 1171 1630 1216 nostro,
1661 1166 1744 1206 che
1775 1165 1814 1207 le
1876 1221 1877 1228 ἵ

184 1241 466 1292 confessaua,
494 1240 533 1280 al
557 1246 705 1280 rector
728 1239 783 1280 de
807 1246 960 1280 nostro
983 1239 1190 1294 collegio,
1217 1241 1335 1282 doue
1357 1240 1386 1281 li
1418 1240 1702 1282 domandaua
1725 1256 1812 1284 non

182 1331 232 1357 50
257 1317 411 1370 quanti
439 1315 573 1357 rotuli
595 1316 649 1357 de
674 1329 809 1356 carne
833 1330 912 1369 per
941 1315 1065 1358 detto
1095 1315 1386 1366 monasterio,
1413 1316 1441 1356 il
1466 1317 1596 1370 quale
1618 1317 1813 1360 darebbe

185 1393 195 1432 i
220 1392 375 1435 denari
400 1393 481 1433 che
505 1391 704 1443 costassi,
730 1400 773 1434 et
799 1391 856 1432 mi
880 1406 1009 1445 parse
1032 1391 1266 1435 intendere
1291 1392 1398 1433 fossi
1427 1405 1532 1433 cosa
1560 1393 1671 1435 altre
1695 1393 1812 1436 volte
1875 1407 1877 1416 ἲ

188 1477 330 1511 vsata.
360 1469 413 1509 Et
443 1469 478 1509 si
502 1469 589 1509 ben
621 1468 663 1509 io
692 1468 876 1510 haueria
910 1469 1044 1509 chara
1078 1468 1186 1523 ogni
1215 1468 1525 1512 consolatione
1553 1470 1746 1512 honesta
1769 1478 1811 1512 et

186 1546 374 1587 decente
397 1545 440 1586 di
463 1546 567 1598 quel
591 1545 877 1594 monasterio,
906 1544 965 1586 mi
989 1545 1010 1586 ὲ
1035 1559 1166 1599 parso
1189 1546 1396 1587 moderar
1419 1554 1575 1599 queste
1604 1560 1724 1597 cose,
1750 1547 1809 1587 la-

185 1622 369 1663 sciando
393 1636 477 1676 pur
494 1622 610 1663 l'vso
633 1622 746 1664 delle
770 1621 999 1676 prediche‚
1025 1630 1069 1664 et
1094 1623 1284 1675 qualche
1308 1637 1405 1663 rara
1429 1623 1729 1667 confessione.
1756 1624 1808 1664 Et

185 1712 232 1739 se
256 1697 299 1738 di
325 1698 365 1739 la
388 1697 423 1738 si
449 1697 639 1738 trouassi
664 1712 721 1737 vn
747 1697 866 1738 buon
892 1704 1017 1750 prete
1050 1711 1126 1750 per
1157 1698 1386 1739 confessar
1405 1686 1551 1751 quelle
1574 1699 1807 1751 monache,

181 1789 258 1827 per
285 1788 409 1815 mezo
432 1773 501 1815 del
529 1775 579 1814 P.
609 1774 824 1815 Vrsrnaro
855 1788 880 1814 0
911 1774 1039 1823 altro,
1075 1775 1314 1815 hauemrno
1345 1781 1522 1816 trouato
1552 1774 1622 1815 chi
1651 1774 1757 1816 dara
1779 1774 1806 1815 il

179 1850 340 1891 salario
364 1864 440 1904 per
463 1864 576 1901 6550,
602 1858 645 1891 et
669 1850 709 1891 al
733 1856 850 1890 tutto
870 1849 1086 1903 potriamo
1109 1849 1270 1891 liberas
1294 1850 1304 1890 i
1330 1850 1486 1893 nostri.
1514 1851 1680 1892 L'altre
1703 1864 1808 1893 cose
1872 1862 1873 1867 ’

178 1929 235 1968 ho
260 1927 383 1968 detto
407 1940 496 1967 non
520 1926 556 1967 si
575 1926 720 1975 vsino,
744 1940 820 1980 per
846 1940 933 1967 non
958 1926 1157 1967 nutricar
1183 1926 1434 1968 familiarita
1453 1936 1496 1967 et
1515 1927 1806 1969 intrinseche-
1872 1918 1873 1932 ¹

179 2018 229 2044 za
254 2002 284 2043 ².
313 2004 367 2044 Et
392 2010 552 2056 questo
576 2009 618 2043 et
643 2003 804 2044 alcune
826 2016 929 2044 cose
953 2003 1008 2045 de
1032 2001 1339 2044 l’obseruanza
1364 2004 1418 2045 de
1454 2010 1608 2045 nostro
1631 2002 1805 2044 institu-

180 2088 224 2119 to
248 2086 292 2119 et
316 2079 469 2132 regole
492 2078 626 2119 credo
648 2079 833 2119 faranno
856 2079 940 2119 che
963 2079 1236 2131 quelch'vno
1260 2078 1318 2119 mi
1344 2079 1499 2133 tenghi
1531 2092 1607 2132 per
1639 2078 1804 2132 rigoro-

178 2171 243 2209 so,
276 2162 320 2196 et
352 2157 468 2197 forse
500 2156 540 2196 lo
569 2155 863 2196 scriueranno
893 2170 917 2195 a
949 2156 1004 2196 V.
1042 2157 1111 2205 P.;
1149 2156 1297 2208 quella
1320 2170 1402 2209 pur
1432 2155 1495 2197 sia
1525 2163 1662 2205 certa,
1689 2155 1804 2197 ch’in

182 2233 306 2273 t‘uora
329 2232 594 2272 d'introdur'
628 2231 937 2272 l'obseruanza
971 2232 1106 2283 detta,
1143 2246 1230 2273 non
1262 2232 1291 2272 li
1319 2233 1376 2273 (10
1402 2241 1529 2286 tropo
1552 2232 1802 2283 occasione,

177 2316 220 2350 et
259 2310 403 2350 anche
441 2308 556 2349 nelle
595 2308 748 2362 regole
778 2307 919 2361 prima
951 2307 1205 2349 m’informo
1239 2308 1341 2349 delli
1375 2308 1644 2361 consultori,
1679 2308 1802 2349 mini-

176 2395 284 2440 stro,
312 2384 471 2426 rector'
494 2391 538 2425 et
563 2383 837 2438 prouinciale
856 2391 898 2424 et
922 2384 1115 2425 officiale
1139 2385 1288 2438 d'ogni
1309 2385 1477 2435 officio,
1499 2385 1554 2427 de
1572 2385 1643 2426 cio
1662 2386 1745 2426 che
1768 2384 1801 2425 si

179 2462 266 2516 puo
290 2463 370 2512 far;
397 2469 441 2502 et
465 2460 556 2502 0051
583 2474 667 2501 con
694 2461 733 2500 la
757 2460 934 2501 suauita
958 2461 1044 2501 che
1070 2475 1202 2514 posso
1226 2461 1493 2502 l'introduco
1519 2461 1548 2503 ⁸.
1574 2462 1628 2502 Et
1652 2461 1690 2502 al
1716 2461 1803 2502 fine

175 2553 304 2593 spero
328 2552 411 2579 con
437 2538 476 2578 la
501 2537 647 2592 gratia
669 2538 724 2578 de
749 2537 834 2578 Dio
858 2545 1120 2578 restaranno
1153 2537 1227 2591 piu
1265 2537 1466 2578 contenti
1497 2546 1541 2579 et
1565 2537 1798 2590 consolati,

176 2623 472 2669 quantunque
495 2615 534 2655 la
557 2613 881 2655 dessuetudine
905 2613 989 2655 alle
1015 2613 1133 2655 volte
1152 2614 1274 2655 causi
1296 2614 1618 2656 resentimento
1636 2614 1678 2655 in
1699 2628 1799 2667 que-

248 2775 253 2793 ¹
309 2775 363 2807 Ex
382 2773 622 2817 autographo
641 2772 680 2806 in
699 2771 833 2806 codice
852 2772 980 2816 Epist.
1006 2772 1187 2814 Ροίαηεί,
1212 2780 1224 2806 Ι
1248 2772 1328 2816 fol.,
1352 2785 1387 2806 n.
1410 2772 1467 2815 89,
1490 2772 1594 2817 prius
1614 2772 1695 2815 264.

244 2834 256 2852 2
308 2833 439 2876 Resp.:
462 2830 680 2865 Admodum
700 2830 865 2876 probari3
883 2830 1038 2864 difficile
1058 2830 1329 2874 reperiendum
1349 2831 1494 2865 Romae
1513 2836 1644 2875 aptum
1664 2831 1718 2865 illi
1734 2831 1796 2864 mi-

174 2892 332 2926 nisterio
352 2889 607 2932 sacerdotem,
628 2891 676 2923 ob
696 2890 808 2924 «anni
827 2891 972 2923 sancti»
992 2888 1263 2934 frequentiam‚
1287 2896 1325 2923 et
1343 2889 1433 2935 quia
1458 2888 1627 2935 episcopi
1652 2888 1798 2923 confes-

173 2951 294 2985 sarios
314 2951 410 2983 tales
429 2949 503 2983 sibi
523 2954 720 2994 expetant.
744 2948 803 2983 Cf.
826 2949 938 2993 epist.
961 2948 1140 2993 praeced,
1161 2955 1292 2983 annot.
1319 2957 1348 2983 Ι.

244 3010 256 3028 3
307 3010 440 3053 Resp.:
461 3009 534 3042 huc
555 3019 677 3053 usque
697 3009 790 3042 nihil
810 3007 938 3054 questi
958 3014 1059 3042 sunt.
