1891 3292
260 205 328 248 370
769 204 956 237 POLANcr
983 212 1299 238 COMPLEMENTA

303 315 343 358 5.
410 306 539 359 Dopo
561 311 721 359 questa
748 303 902 346 scritta
924 305 983 345 ho
1009 304 1180 346 intesso
1202 306 1286 347 che
1315 305 1355 345 le
1377 317 1481 346 cose
1504 303 1579 358 qui
1608 305 1653 345 in
1677 288 1829 347 Messi-

215 397 270 423 na
292 395 379 423 non
403 395 549 422 vanno
572 387 701 436 tropo
722 381 854 424 bene.
879 382 1131 425 Staremmo
1154 396 1178 423 a
1201 381 1369 432 veder’,
1395 387 1440 424 et
1457 381 1655 424 secondo
1672 381 1831 423 ch'alla

212 458 419 513 giornata
451 458 686 509 conuersa,
721 459 1056 512 procederemo,
1097 458 1294 500 secondo
1327 458 1410 499 che
1442 457 1529 499 Dio
1566 457 1602 498 si
1634 458 1830 511 degnara

212 534 332 576 darei
356 548 439 575 suo
461 535 597 577 lume.
624 535 693 577 De
718 535 924 576 Palermo
947 535 1007 576 ho
1029 536 1172 576 anche
1194 533 1400 576 riceuuto
1423 534 1597 587 lettere,
1617 540 1662 575 et
1686 548 1831 576 vanno

212 612 252 653 le
271 624 375 653 cose
393 611 508 654 della
525 617 651 666 peste
669 610 935 665 trauagliate
957 610 1164 653 insin’alli
1189 623 1242 664 30
1265 611 1322 651 de
1338 611 1607 653 settembre.
1628 610 1829 652 Doman—

213 688 329 730 dano
358 687 538 730 licentia
566 701 645 742 per
671 687 834 742 sepelir
861 699 889 741 4
918 702 1111 743 persone
1142 687 1281 728 molto
1307 687 1490 738 deuote,
1515 694 1559 728 et
1588 687 1747 729 alcune
1779 683 1833 730 de
1890 696 1891 709 ³

212 765 306 805 loro
327 763 619 815 benemerite‚
645 764 762 806 nella
789 763 942 806 chiesa
964 770 1134 816 nostra,
1160 763 1278 806 delle
1306 763 1427 817 quali
1459 764 1610 805 hanno
1632 763 1787 804 scritto
1809 779 1833 805 a

213 841 269 882 V.
297 841 348 883 P.
376 840 419 882 A
442 855 512 883 me
535 839 595 881 mi
616 855 723 895 pare
751 841 838 883 che
860 854 909 883 se
931 839 960 881 li
984 842 1074 895 puo
1097 840 1364 890 concedere,
1389 854 1438 892 se
1466 838 1560 881 cosi
1585 841 1730 881 anche
1761 853 1831 894 pa-

213 916 309 960 rere'l⁴
333 931 358 958 a
381 918 436 959 V.
466 918 517 960 P.
545 918 612 959 De
635 917 864 960 Monreale
887 918 947 959 ho
969 917 1129 959 lettere
1151 917 1222 958 del
1246 930 1369 958 mese
1392 916 1636 958 medesimo
1664 915 1737 957 alli
1766 927 1832 971 19,

211 1000 255 1036 et
278 1007 360 1048 pur
384 1007 597 1036 cresceua
619 995 660 1035 la
686 1000 813 1048 peste
835 993 883 1044 ll,
909 1000 953 1034 et
983 1007 1150 1048 pareua
1174 992 1387 1034 miracolo
1420 993 1504 1034 che
1526 1006 1616 1033 non
1646 992 1752 1033 fossi
1774 1000 1832 1033 at·
1889 996 1891 1043 g

213 1077 359 1112 tacata
382 1070 455 1111 alli
477 1069 631 1122 nostri,
654 1070 863 1112 andando
887 1071 927 1111 la
950 1069 1058 1112 citta
1079 1084 1103 1110 a
1127 1068 1397 1112 confessarsi
1420 1068 1523 1110 dalli
1547 1069 1685 1110 nostri
1710 1069 1833 1122 quasi
1890 1083 1891 1132 ᾗ

212 1153 338 1189 tutta.
367 1147 487 1190 Vero
510 1147 535 1188 e
564 1148 648 1189 che
670 1146 700 1187 il
727 1153 1004 1201 gouernator
1029 1153 1072 1188 et
1095 1160 1184 1186 vno
1206 1145 1310 1188 delli
1339 1144 1506 1200 giurati
1534 1146 1685 1186 hanno
1714 1145 1834 1187 detto
1889 1134 1891 1186 ἶ

213 1224 252 1265 al
277 1223 481 1278 superior
509 1223 552 1264 di
577 1224 680 1278 quel
708 1222 915 1277 collegio,
943 1223 1026 1264 che
1049 1222 1084 1263 si
1108 1222 1330 1276 guardino
1362 1221 1464 1264 delli
1493 1221 1729 1277 appestati‚
1760 1236 1835 1275 per

209 1300 518 1342 consolatione
546 1306 592 1341 et
622 1299 746 1341 aiuto
770 1299 886 1342 della
908 1298 1032 1352 citta3
1061 1299 1273 1341 temendo
1298 1299 1433 1349 forsa,
1461 1312 1509 1341 se
1531 1298 1567 1339 si
1590 1297 1750 1339 infetta
1772 1297 1833 1354 [il]

1889 1218 1891 1227 A

1890 1272 1891 1280 l

1889 1290 1891 1299 <

1888 1358 1891 1366 ι

208 1376 416 1431 collegio,
442 1377 530 1419 che
552 1376 651 1418 altri
674 1376 815 1426 molti,
842 1390 919 1430 per
942 1375 1135 1430 praticar
1160 1388 1243 1417 con
1268 1375 1379 1426 loro,
1412 1375 1831 1418 s'infettarebbono.
1889 1374 1891 1427 ξ

210 1453 362 1496 Siamo
385 1452 459 1495 alli
483 1453 506 1494 8
530 1453 587 1496 de
610 1453 814 1495 Octobre
844 1461 973 1505 1575.

299 1533 367 1572 De
391 1531 443 1573 V.
474 1531 524 1571 Ρ.
550 1529 675 1584 figlio
699 1537 743 1572 et
761 1543 894 1571 seruo
917 1529 961 1570 in
985 1529 1187 1583 domino,

1020 1608 1049 1661 -ζ-
1077 1607 1153 1662 Jo.
1189 1620 1252 1648 DE
1288 1606 1529 1648 POLANCO.
1568 1606 1598 1661 †

298 1683 340 1725 6.
407 1683 503 1725 Con
531 1683 665 1724 molta
687 1683 901 1725 instantia
924 1683 1148 1725 demanda
1172 1697 1259 1724 vna
1288 1683 1405 1723 dona
1429 1695 1512 1736 pur
1540 1681 1585 1722 in
1609 1682 1835 1723 Monreale

210 1760 440 1814 sepultura
469 1760 513 1800 in
543 1766 696 1801 nostra
719 1760 886 1802 chiesa.
914 1760 969 1801 Et
996 1758 1175 1814 perch’e
1201 1759 1340 1800 molto
1369 1758 1551 1809 deuota,
1577 1765 1621 1800 et
1654 1771 1731 1812 per
1761 1758 1832 1798 ha-

213 1850 290 1879 uer
313 1836 497 1878 lasciato
524 1835 554 1876 il
578 1836 769 1890 collegio
798 1836 981 1890 herede,
1007 1835 1140 1878 etiarn
1165 1836 1248 1877 che
1271 1849 1359 1876 non
1384 1834 1412 1875 li
1436 1834 1616 1876 dessino
1638 1834 1833 1889 sepultu-

212 1927 272 1963 ra,
300 1912 357 1953 mi
381 1927 487 1966 pare
506 1926 553 1954 se
576 1912 605 1952 li
623 1912 807 1955 doueria
826 1913 1064 1962 conceder,
1090 1912 1289 1967 parendo
1311 1926 1336 1953 a
1360 1912 1415 1953 V.
1445 1911 1494 1953 P.
1523 1912 1578 1952 Et
1602 1911 1750 1964 quella
1767 1924 1834 1952 ve·
1884 1918 1887 1934 ³

209 1990 330 2040 deta,
357 1989 443 2031 s’in
468 2003 740 2032 occorrenze
763 1989 907 2032 simile
931 1989 973 2030 io
996 1989 1126 2044 potro
1149 1990 1215 2030 far
1245 1988 1437 2042 qualche
1465 2001 1589 2039 cosa,
1614 2002 1662 2030 se
1686 2002 1772 2028 non
1795 1987 1834 2028 vi
1885 1984 1888 2019 !

211 2066 308 2107 sara
334 2074 483 2120 tempo
504 2065 560 2108 de
582 2072 778 2120 aspettar
802 2064 993 2119 risposta
1016 2066 1070 2107 de
1090 2066 1248 2108 Roma.

300 2143 558 2197 Inscriptio.
624 2142 654 2197 ’ζ’
673 2142 730 2184 Al
751 2142 888 2183 molto
909 2142 1022 2184 Rdo.
1050 2141 1093 2182 in
1117 2141 1205 2184 X.0
1225 2141 1370 2183 Padre
1392 2149 1562 2193 nostro,
1589 2140 1617 2181 il
1642 2141 1693 2183 Ρ.
1721 2141 1834 2182 Eue·
1884 2142 1886 2144 ’

211 2218 342 2261 sardo
370 2218 669 2271 Mercuriano‚
705 2218 935 2272 preposito
965 2219 1177 2272 generale
1200 2218 1315 2260 della
1338 2218 1621 2272 Compagnia
1652 2217 1695 2257 di
1714 2218 1831 2272 Jesfl,

210 2296 254 2336 in
278 2297 434 2338 Roma.

299 2372 456 2427 sigilli
480 2373 741 2428 vestigium.
