1953 3333
552 210 693 244 EpisT.
722 207 873 252 151.—3
894 207 1101 253 JANUARII
1133 215 1221 250 1570
1610 206 1654 249 89

69 315 172 358 cit'io
195 315 277 355 che
300 313 335 353 si
362 312 402 354 fa
425 312 467 353 in
493 312 596 366 quel
619 311 774 364 luogo,
802 307 953 362 percio
984 309 1067 349 che
1092 308 1206 348 oltre
1236 308 1276 349 le
1307 307 1564 362 repetitioni
1594 321 1700 361 quo-

71 392 249 440 tidiane,
277 390 315 430 le
338 388 516 443 dispute
539 395 583 430 et
607 384 921 429 declamationi
950 385 1078 425 solite
1103 383 1160 424 d'i
1187 384 1327 425 nostri
1356 384 1532 434 scolari,
1561 398 1704 425 sonno

71 467 308 511 distribuiti
333 466 466 520 quelli
486 466 558 507 del
581 463 822 507 seminario
840 463 883 504 in
909 463 1020 505 certi
1039 462 1199 514 ordini,
1221 463 1290 503 ne'
1309 462 1427 516 quali
1448 463 1482 503 si
1503 475 1702 516 compre-

71 546 278 588 hendono
301 557 464 584 ancora
487 542 514 583 li
543 541 797 595 philosophi
822 549 865 581 et
891 540 1107 594 theologi,
1135 547 1178 581 et
1207 539 1315 593 ogni
1345 554 1465 581 mese
1490 553 1705 592 compon-

73 636 191 679 gono
215 635 342 676 prosa
365 636 389 662 e
415 619 532 662 uersi
558 619 602 660 in
635 618 774 660 latino
804 626 849 659 et
880 618 920 658 in
953 631 1107 672 greCO,
1142 632 1166 658 e
1198 617 1233 657 si
1265 631 1480 671 pongono
1506 617 1702 670 publica-

73 706 220 742 mente
250 713 326 752 per
355 699 392 739 le
424 711 550 738 mura
586 696 624 737 le
663 695 976 749 compositioni
1012 701 1264 748 sottoposte
1303 694 1387 734 alla
1427 708 1620 735 censura
1661 692 1704 733 di

35 764 39 765 ⁷
74 777 297 830 chiunque
322 775 365 815 ui
391 783 594 815 trouasse
627 787 791 823 errore,
821 772 1119 827 premiandosi
1151 770 1287 825 quelli
1321 771 1406 811 che
1437 770 1630 811 uincano
1661 770 1704 810 in

74 853 255 896 ciascun
283 851 438 893 ordine
473 865 555 891 con
591 849 747 891 lodarli
777 849 819 890 in
851 849 1036 900 musica,
1068 857 1111 890 et
1151 847 1377 889 honorarli
1419 854 1485 888 tra
1525 847 1705 901 gl'altri,

75 932 189 973 onde
207 929 455 971 s’aurnenta
478 930 519 969 la
544 927 778 982 diligentia
799 928 893 967 loro
911 927 983 969 nel
1007 926 1175 967 studio.
1199 925 1396 979 Quando
1419 938 1626 978 uengano
1650 925 1707 965 al-

77 1007 179 1050 cuni
201 1005 412 1048 cardinali
436 1012 480 1047 et
505 1019 693 1059 persone
716 1005 759 1045 (11
783 1003 950 1057 qualita
975 1018 997 1044 a
1026 1003 1188 1044 uedere
1212 1002 1239 1041 il
1264 1001 1516 1052 seminario,
1544 1000 1703 1050 soglio-

77 1100 134 1126 no
157 1083 393 1137 riceuergli
423 1097 507 1124 con
540 1081 676 1131 uersi,
710 1081 900 1122 orationi
933 1089 977 1122 et
1008 1079 1193 1121 musica:
1231 1079 1273 1119 di
1309 1078 1510 1120 maniera
1545 1079 1630 1118 che
1665 1092 1711 1119 se

78 1176 133 1203 ne
157 1175 305 1202 uanno
329 1161 467 1201 molto
490 1159 684 1201 edificati
709 1165 751 1200 et
776 1157 1035 1199 sodisfatti„

167 1251 237 1292 30.
303 1238 488 1291 Quanto
511 1237 594 1277 alle
617 1249 723 1277 cose
747 1235 983 1289 spirituali2
1009 1235 1045 1275 si
1074 1236 1372 1289 frequentano
1396 1233 1421 1272 li
1448 1246 1680 1274 sacramen
1697 1258 1708 1262 -

82 1317 110 1358 ti
135 1316 205 1358 nel
230 1314 468 1356 seminario
492 1313 568 1368 piu
591 1315 675 1355 che
701 1313 803 1363 mai,
833 1312 982 1366 percio
1002 1313 1088 1354 6116
1112 1311 1146 1353 si
1172 1311 1443 1352 confessario
1463 1309 1566 1350 tutti
1588 1308 1714 1363 quasi

81 1393 186 1448 ogni
210 1400 304 1433 otto
329 1391 494 1446 giorni,
521 1399 564 1433 et
588 1390 624 1431 si
647 1390 947 1431 comunicano
966 1389 1074 1440 ogni
1098 1387 1309 1442 quindeci
1332 1387 1395 1437 d‘i,
1416 1387 1455 1439 31
1483 1387 1556 1441 piu
1584 1385 1714 1438 tardi,

82 1469 253 1513 bench&
282 1483 359 1523 per
388 1469 429 1510 la
461 1468 614 1522 regola
646 1482 733 1508 non
766 1466 894 1509 siano
925 1465 1113 1521 obligati
1146 1466 1221 1520 piu
1261 1467 1345 1506 che
1385 1479 1473 1505 una
1514 1465 1637 1505 uolta
1677 1464 1717 1505 al

83 1561 217 1590 mese.
246 1546 292 1588 Si
317 1539 461 1587 sonno
484 1544 707 1586 instituite
732 1552 893 1598 questo
917 1558 1036 1586 anno
1061 1551 1239 1598 passato
1263 1544 1350 1583 due
1374 1540 1719 1596 congregationi

84 1624 197 1667 della
227 1623 468 1672 Madonna‚
498 1636 587 1663 una
618 1621 662 1662 di
693 1621 936 1676 maggiori‚
971 1621 1114 1662 l'altra
1144 1621 1199 1661 de
1233 1619 1408 1669 minori,
1445 1619 1484 1660 al
1515 1618 1648 1659 modo
1676 1617 1720 1658 di

86 1701 230 1755 quelle
252 1701 339 1742 che
378 1702 413 1740 si
454 1714 598 1740 sonno
628 1700 750 1741 dette
783 1698 826 1739 di
857 1713 1004 1753 sopra3
1037 1706 1080 1739 et
1105 1697 1445 1751 generalmente
1470 1702 1640 1749 quanto
1663 1695 1721 1735 al-

85 1777 383 1828 l'obedientia‚
420 1776 631 1825 humilta,
668 1776 834 1831 purita‚
871 1776 1036 1817 unione
1067 1783 1111 1816 et
1143 1775 1253 1816 altre
1278 1773 1415 1825 uirtu,
1442 1773 1477 1814 si
1503 1772 1618 1815 uede
1641 1773 1725 1814 che

86 1870 161 1910 per
184 1856 223 1897 la
246 1855 398 1896 diuina
423 1855 571 1909 gratia
591 1856 727 1895 fanno
751 1855 891 1895 molto
917 1853 1113 1907 profitto,
1135 1859 1179 1893 et
1207 1851 1242 1893 si
1269 1860 1396 1892 troua
1417 1850 1575 1905 ognidi
1602 1863 1725 1903 tnag-

86 1932 182 1987 gior
205 1933 477 1987 ageuolezza
503 1933 576 1974 nel
602 1931 882 1987 gouernarli.
911 1930 1198 1973 Dimandano
1231 1929 1320 1971 essi
1351 1926 1584 1971 medesimi
1607 1927 1727 1968 alcu-

87 2023 142 2051 ne
165 2010 289 2051 uolte
311 2009 458 2051 l’anno
482 2009 722 2063 penitenze
754 2023 830 2063 per
860 2007 1062 2061 aiutarsi,
1095 2015 1140 2049 et
1170 2004 1356 2048 d'andar
1382 2021 1405 2046 a
1436 2005 1606 2046 seruire
1635 2004 1725 2055 agl'

88 2086 312 2141 hospitali,
338 2093 383 2127 et
406 2086 683 2129 essercitarsi
714 2086 758 2126 in
793 2085 922 2127 uffitii
953 2086 1072 2127 bassi
1102 2085 1146 2125 di
1177 2099 1295 2126 casa.
1330 2082 1460 2126 Molti
1495 2084 1583 2123 han
1614 2083 1729 2123 fatto

89 2164 361 2226 quest’anno
391 2163 664 2205 confessioni
697 2163 916 2217 generali,
947 2170 990 2205 et
1018 2163 1157 2204 molto
1182 2175 1371 2203 nurnero
1401 2160 1444 2202 di
1474 2160 1570 2200 loro
1600 2159 1727 2213 gl'es-

89 2240 252 2282 sercitii
276 2241 494 2296 spirituali
521 2255 605 2282 con
630 2255 743 2295 gran
769 2242 925 2282 frutto.

180 2330 250 2372 31.
315 2319 399 2360 Nel
429 2326 562 2359 canto
592 2318 627 2358 si
658 2317 984 2365 essercitanno,
1019 2317 1060 2358 al
1095 2317 1181 2358 che
1216 2317 1368 2357 hanno
1398 2314 1423 2355 li
1456 2314 1552 2356 suoi
1585 2313 1731 2368 giorni

91 2394 388 2445 determinati3
416 2403 459 2437 et
484 2410 561 2449 per
585 2402 744 2448 questo
769 2394 857 2436 fine
881 2394 1110 2436 mantiene
1141 2393 1168 2433 il
1193 2391 1433 2434 seminario
1465 2406 1523 2433 un
1551 2397 1729 2440 mastro,

94 2473 176 2514 che
199 2486 289 2513 non
311 2473 336 2514 e
359 2473 414 2514 (16
437 2479 592 2513 nostra
617 2471 919 2526 Compagnia.
949 2473 1006 2513 Et
1031 2484 1176 2512 sonno
1199 2469 1246 2510 iti
1272 2475 1397 2510 tanto
1420 2468 1532 2509 oltre
1561 2467 1730 2509 nell'es-

94 2548 272 2591 sercitio
295 2548 551 2603 degl’uffitii
580 2548 742 2603 diuini,
776 2546 1237 2602 spetialmente.nella
1267 2546 1415 2587 chiesa
1447 2551 1617 2593 nostra,
1650 2544 1733 2584 che

95 2638 237 2666 sonno
267 2625 410 2668 tenuti
442 2640 519 2679 per
542 2640 634 2667 una
662 2625 777 2668 delle
802 2626 918 2666 bone
947 2625 1116 2678 capelle
1140 2623 1183 2665 di
1210 2625 1365 2673 Roma,
1392 2637 1416 2663 e
1446 2621 1481 2662 si
1511 2620 1733 2662 edificano

97 2702 233 2742 molto
256 2702 390 2756 quelli
410 2704 494 2745 che
517 2702 544 2743 li
569 2709 774 2754 sentano‚
800 2701 932 2742 etiam
959 2701 1075 2743 nelle
1100 2698 1374 2755 processioni
1398 2698 1627 2753 publiche,
1649 2697 1734 2738 alle

97 2778 213 2831 quali
244 2793 395 2820 uanno
425 2780 493 2821 col
525 2787 643 2821 resto
673 2779 745 2821 del
775 2779 914 2829 61610,
940 2786 984 2820 61
1007 2777 1101 2820 cosi
1127 2776 1456 2832 allegeriscono
1479 2775 1519 2816 la
1542 2774 1732 2828 Compa-

99 2854 205 2909 gnia
237 2855 281 2897 di
314 2866 473 2910 questa
506 2856 803 2911 occupatione
837 2864 882 2898 61
920 2840 1162 2909 trauaglio‚
1200 2855 1287 2896 che
1322 2851 1559 2894 nell’uffitii
1592 2850 1735 2892 diuini

100 2928 411 2978 s'hauerebbe.

191 3021 261 3062 32.
327 3010 359 3050 11
383 3010 575 3065 collegio
600 3009 862 3065 germanico
887 3025 939 3051 ua
967 3023 1131 3051 ancora
1155 3023 1256 3050 esso
1277 3008 1417 3049 molto
1440 3007 1576 3049 bene.
1602 3005 1635 3047 Il
1654 3004 1738 3046 nu-'
