1891 3292
230 240 296 275 252
733 230 918 264 Pommcr
945 238 1259 269 COMPLEMENTA

180 332 289 372 illud
315 337 599 385 promoueret
623 336 842 383 quantum
874 344 1139 385 promouere
1168 338 1319 384 posset
1343 344 1423 372 sua
1455 330 1804 373 commendatio-

181 422 237 450 ne
263 406 293 448 ².
318 408 410 447 Nos
439 406 510 447 hic
535 406 738 447 valemus
762 421 839 461 per
870 407 953 449 Dei
982 406 1191 460 gratiam,
1224 414 1267 447 et
1298 420 1377 447 nos
1407 406 1461 447 ad
1489 407 1682 448 futuram
1708 421 1805 462 pro-

183 483 421 525 fectionem
447 482 746 537 accingimus.

269 572 308 612 3.
375 560 558 613 Quanta
577 558 633 599 sit
651 572 757 614 erga
778 573 861 600 nos
883 559 1005 613 regis
1027 558 1384 600 christianissimi
1408 558 1651 602 liberalitas
1669 567 1713 601 et
1731 560 1804 601 be-

180 635 447 686 neuolentia,
480 635 699 677 intellexit
729 636 863 677 credo
887 637 944 677 V.
980 637 1031 678 R.
1067 650 1120 677 ex
1147 634 1314 676 vltimis
1338 635 1448 678 meis
1479 635 1638 677 litteris
1662 635 1692 677 ³.
1720 637 1806 679 Re-

177 726 280 766 gem
306 719 558 764 sequuntur
581 711 686 752 boni
717 726 890 761 omnes,
923 719 967 752 et
999 711 1075 765 qui
1101 711 1237 753 videri
1268 712 1423 752 volunt
1446 711 1566 764 boni,
1597 712 1700 765 quia
1722 712 1806 755 iam

178 788 329 829 fauere
352 787 544 830 iesuittis
568 786 708 842 vulgo
726 788 853 829 valde
878 787 1113 842 plausibile
1136 796 1218 830 est.
1249 788 1426 829 Interim
1449 796 1596 830 tamen
1623 802 1710 830 non
1734 789 1806 830 de-

177 864 281 905 sinit
306 864 516 918 antiquus
539 870 691 905 noster
721 864 866 905 hostis
896 878 974 918 pro
1001 878 1084 905 suo
1109 878 1231 906 more
1260 864 1460 905 insidiari
1490 871 1642 905 nostro
1666 865 1801 906 calca·

178 954 282 992 neo;
310 941 386 981 sed
421 941 540 993 quod
573 940 646 982 ille
677 939 874 994 disponit
907 941 1036 981 nobis
1069 941 1125 981 ad
1156 942 1375 991 fraudem,
1409 942 1541 983 DEVS
1567 948 1735 988 noster,
1762 948 1807 982 vt

176 1031 420 1071 speramus,
446 1023 680 1058 conuertet
704 1017 745 1058 in
771 1016 868 1058 eius
893 1016 1202 1071 ignominiam,
1230 1025 1273 1059 et
1303 1016 1631 1071 glorificabitur
1655 1017 1700 1058 in
1724 1019 1808 1059 hac

178 1093 360 1134 minima
383 1093 752 1146 congregatione,
779 1106 1065 1147 quocumque
1091 1094 1270 1135 tandem
1306 1094 1436 1135 modo
1471 1108 1548 1156 res*
1575 1107 1805 1136 successe-

180 1169 249 1212 rit.
276 1169 365 1212 Sed
389 1170 444 1210 de
468 1169 675 1211 omnibus
702 1169 770 1210 his
792 1170 987 1224 negotiis
1017 1170 1149 1212 latius
1173 1184 1342 1213 coram.
1366 1170 1545 1213 Sanctis
1575 1170 1806 1212 sacrificiis

182 1246 234 1287 V.
265 1247 315 1287 R.
342 1253 386 1287 et
409 1246 597 1286 aliorum
623 1246 697 1299 qui
727 1245 858 1287 isthic
888 1254 1009 1297 sunt,
1043 1261 1124 1288 nos
1148 1246 1389 1301 plurimum
1423 1247 1803 1290 commendamus,

180 1321 385 1364 Lutetiae
413 1321 686 1364 Parisiorum
712 1324 778 1374 7.Ο
802 1322 1032 1365 Februarii
1064 1333 1190 1376 1573.

271 1399 324 1440 V.
354 1399 405 1439 R.
433 1412 592 1440 seruus
615 1398 658 1440 in
684 1398 898 1450 Domino,

1152 1477 1356 1520 EmmNo
1381 1478 1568 1522 HAYth.

269 1553 526 1606 Inscriptio.
555 1553 812 1594 Admodum
838 1554 949 1595 Rdo.
975 1552 1095 1595 Patri
1114 1554 1299 1595 Iohanni
1323 1554 1378 1595 de
1404 1554 1612 1606 Polameo,
1634 1554 1800 1597 vicario

178 1628 377 1682 generali
405 1628 644 1671 Societatis
668 1630 781 1672 Iesu.
813 1631 995 1672 Romae.

269 1703 424 1758 sigilla·
446 1706 706 1760 vestigium.

528 1986 808 2022 POLANCUS
832 1987 873 2021 Ρ.
904 1987 1202 2024 FRANCISCO
1231 1988 1453 2025 ADORNO

695 2089 811 2116 ROMA
837 2090 858 2125 7
887 2090 1114 2117 FEBRUARII
1144 2082 1232 2126 1573
1260 2084 1284 2117 1.

178 2186 209 2211 Ι.
237 2176 595 2211 Oeconomica.—2.
621 2177 678 2211 De
698 2177 911 2222 Bonifacz'o
929 2179 1081 2221 sodale,·
1099 2182 1134 2212 et
1149 2190 1265 2223 quam
1285 2183 1464 2223 oporteat
1478 2180 1728 2214 subditorum
1747 2181 1803 2214 in-

248 2236 415 2280 dulgere
435 2235 600 2269 miserae
620 2236 939 2281 conditioni.—3.
963 2237 1238 2282 Epistolarum
1255 2239 1362 2273 inter
1377 2240 1649 2274 moderatores
1667 2243 1702 2273 et
1716 2239 1798 2273 sub-

251 2294 352 2328 ditos
370 2294 534 2328 liberum
553 2295 845 2332 commercium.

270 2407 304 2437 1.
372 2396 472 2437 Vna
490 2395 647 2438 lettera
667 2396 725 2436 ho
743 2395 900 2437 scritto
911 2398 956 2450 al
977 2404 1115 2439 rettor
1134 2397 1203 2438 del
1223 2398 1415 2452 collegio
1434 2398 1476 2439 di
1496 2399 1653 2449 Como,
1672 2413 1802 2453 sopra

175 2472 202 2511 li
226 2471 379 2513 denari
408 2472 502 2512 loro
526 2473 610 2514 che
633 2457 753 2513 tiene
781 2487 805 2513 a
833 2485 968 2514 censo
1002 2472 1029 2513 il
1054 2473 1247 2528 collegio
1274 2488 1483 2526 romano3
1511 2489 1558 2516 se
1591 2488 1680 2516 non
1713 2474 1802 2516 l’ha

177 2555 390 2589 mostrato
413 2562 435 2588 a
460 2549 516 2590 V.
546 2549 618 2598 R„
644 2547 812 2590 hauero
836 2547 984 2602 piacer
1008 2550 1092 2589 che
1116 2549 1171 2591 lei
1195 2549 1328 2604 gliela
1346 2550 1575 2604 domandi,
1596 2550 1721 2592 accio
1738 2551 1800 2591 in-

176 2624 307 2666 tenda
331 2638 458 2666 come
482 2631 550 2666 sta
574 2623 720 2677 quella
745 2637 865 2675 casa,
892 2633 934 2666 et
960 2639 1006 2667 se
1029 2625 1066 2666 si
1090 2626 1282 2668 trouassi
1310 2626 1355 2667 di
1378 2627 1419 2668 la
1443 2627 1574 2669 modo
1598 2627 1799 2681 d’impie-

175 2715 254 2754 gar
278 2708 435 2755 questa
458 2714 585 2742 suma
607 2714 634 2742 o
658 2709 781 2756 parte
805 2700 848 2742 di
873 2701 1037 2755 quella,
1063 2701 1161 2743 sara
1185 2703 1271 2745 ben
1296 2703 1505 2759 auisarci,
1533 2703 1694 2758 perche
1717 2716 1799 2745 con

246 2871 258 2889 2
311 2870 409 2904 Vide
431 2871 544 2915 epist.
568 2879 651 2914 205.

247 2929 258 2947 ³
312 2928 411 2962 Vide
431 2937 469 2963 et
489 2930 602 2974 epist.
629 2939 709 2974 192.

246 3017 255 3035 ¹
309 3017 364 3050 Ex
384 3023 526 3061 regest.
551 3018 641 3052 Ital.
663 3018 727 3061 69,
752 3018 792 3055 ff.
818 3020 1033 3063 164v.-165.
