1891 3292
503 243 638 278 Emsr.
666 241 841 284 189.—26
868 242 1072 285 JANuARn
1104 242 1191 286 1573
1550 238 1617 283 235

35 360 132 389 mus
154 352 199 387 et
222 344 479 386 moriamur.
507 341 890 384 Commendamus
913 341 1052 395 igitur
1074 356 1155 383 nos
1180 342 1411 384 humilime
1442 342 1498 385 V.
1528 342 1579 383 R.
1611 343 1660 383 P.

35 420 327 466 sanctissimis
356 418 587 462 sacrificiis
616 426 660 459 et
691 417 917 472 precibus,
950 417 1224 471 reliquorum
1261 432 1440 472 quoque
1478 419 1661 460 Patrum

34 506 78 542 et
102 502 302 548 fratrum,
330 510 521 550 quorum
545 493 774 548 suffragiis
797 493 946 535 omnia
974 493 1123 536 studia
1146 504 1297 536 nostra
1329 495 1382 536 ad
1416 495 1497 537 Dei
1521 495 1665 536 omni-

34 574 226 633 potentis
248 573 435 629 gloriam
460 586 511 613 ac
535 570 724 627 proximi
749 571 939 612 salutem
963 578 1184 613 euentura
1214 586 1460 625 speramus.
1497 574 1661 614 Datum

35 652 240 706 Etlingae
264 649 492 693 Marchiae
515 647 726 690 badensis
751 659 806 700 24
830 647 1022 689 Ianuarii
1048 658 1119 700 73.

120 729 176 771 V.
205 729 258 770 R.
288 723 585 780 Pssndignus
608 723 744 774 filius,

380 804 686 845 MATTHAEUS
720 803 903 851 ZERER,
931 799 1173 843 Societatis
1197 801 1294 841 Iesv
1320 801 1547 844 minimus

352 1075 394 1109 P.
424 1072 730 1109 BALDUINUS
759 1073 827 1107 ΑΒ
855 1071 1070 1108 ANGELO
1099 1071 1350 1108 POLANCO

531 1176 733 1203 TORNAco
754 1170 799 1201 Ζῶ
817 1175 1011 1210 JANUARIJ
1036 1166 1124 1211 1573
1145 1168 1169 1202 ¹.

38 1276 68 1302 1.
97 1266 153 1301 De
180 1264 491 1310 congregatione
516 1262 863 1308 provinciali.—2.
896 1262 1085 1308 Episcopo
1111 1262 1302 1307 brugensi
1314 1261 1475 1306 factum
1495 1263 1609 1304 satim
1628 1262 1674 1296 de

332 1324 380 1358 P.
406 1323 580 1357 Basilico
599 1323 719 1367 deque
737 1322 832 1356 aliis
851 1322 977 1363 rebus,
999 1333 1134 1356 coram
1147 1321 1221 1366 fiet
1241 1333 1382 1356 sermo.

128 1433 163 1464 Ι,
230 1421 260 1475 †
295 1418 555 1462 Admodum
590 1417 701 1460 Rde.
736 1417 780 1458 in
812 1418 894 1460 X.O
927 1418 1076 1459 Pater.
1112 1418 1206 1459 Pax
1236 1417 1438 1460 eiusdem
1472 1416 1543 1460 X.i
1574 1418 1671 1458 Iesv

40 1501 93 1542 D.
120 1500 176 1541 N.
205 1497 341 1540 Binas
366 1498 417 1538 R.
447 1497 502 1538 V.
530 1495 702 1537 litteras
725 1495 878 1549 accepi
901 1507 928 1547 4
951 1504 995 1536 et
1021 1507 1071 1550 19
1095 1493 1304 1544 Ianuarii,
1337 1508 1452 1548 quae
1483 1494 1675 1549 scriptae

38 1582 162 1620 erant
190 1586 238 1629 15
264 1572 537 1616 Nouembris
560 1579 604 1615 et
634 1584 682 1626 13
707 1571 987 1621 Decembris,
1021 1572 1077 1612 ad
1107 1585 1218 1625 quas
1246 1585 1300 1613 eo
1329 1570 1579 1612 succintius
1610 1584 1677 1612 re-

38 1652 236 1707 spondeo
260 1665 349 1705 quo
372 1650 468 1692 dies
491 1649 780 1704 profectionis
803 1657 983 1690 nostrae
1006 1648 1052 1689 in
1077 1648 1244 1690 Vrbem
1270 1647 1459 1690 vicinior
1482 1657 1565 1691 est.
1594 1648 1676 1690 Die

46 1742 94 1783 14
116 1728 306 1772 Ianuarii
331 1742 447 1782 quae
472 1728 555 1769 fuit
579 1727 818 1783 prestituta
847 1726 1190 1782 congregationi
1214 1734 1396 1768 nostrae
1421 1724 1672 1780 prouincia-

39 1806 82 1858 li,
108 1813 420 1848 conuenerunt
445 1819 604 1847 omnes
628 1806 787 1847 Patres
807 1803 998 1859 professi
1016 1811 1061 1846 et
1082 1811 1280 1846 rectores
1298 1804 1574 1853 Tornacum,
1601 1817 1673 1844 ex-

41 1892 168 1938 cepto
194 1885 245 1925 P.
273 1882 476 1924 Adriano
501 1880 533 1935 ²,
560 1890 604 1923 et
630 1883 680 1923 P.
710 1881 911 1923 Henrico
933 1880 1194 1934 Sommalio,
1223 1880 1298 1934 qui
1329 1880 1584 1922 retardatus
1609 1887 1676 1922 est

40 1967 218 2016 propter
241 1973 460 2014 aquarum
486 1958 858 2013 exundationem,
886 1972 1002 2012 quae
1024 1958 1159 2000 etiam
1183 1964 1344 2013 pontes
1375 1959 1552 1999 Mossae
1577 1971 1675 2011 pro-

39 2037 211 2086 strauit,
238 2045 281 2080 et
306 2044 442 2078 totam
470 2036 673 2090 Belgiam
693 2050 812 2078 noua
830 2036 958 2079 clade
976 2034 1142 2089 affecit,
1165 2049 1256 2077 non
1275 2035 1371 2077 sine
1391 2042 1559 2076 terrore
1583 2049 1674 2076 ma-

39 2114 224 2157 nifestae
249 2113 431 2155 vltionis
449 2113 630 2155 diuinae
650 2127 738 2167 qua
755 2113 987 2155 hominum
1007 2112 1340 2168 improbitatem
1360 2111 1569 2166 castigat.
1592 2113 1674 2154 Fa—

40 2191 102 2233 xit
123 2191 275 2233 diuina
297 2191 439 2246 ipsius
462 2191 641 2233 bonitas
666 2198 714 2232 ut
737 2191 792 2233 ad
816 2190 1177 2233 emendationem
1200 2198 1398 2231 nostram
1422 2188 1568 2231 omnis
1593 2189 1678 2230 ista

41 2268 234 2310 vindicta
256 2269 403 2310 cedat.
426 2268 549 2311 Socii
573 2268 864 2323 profectionis
888 2276 1067 2310 nostrae
1092 2266 1522 2323 incongregatione
1546 2266 1679 2309 electi

41 2352 144 2387 sunt
167 2345 218 2389 P.
244 2345 535 2389 Eleutherius
559 2344 572 2363 ³
596 2352 641 2386 et
668 2347 718 2388 P.
746 2344 1079 2388 Maximilianus
1104 2344 1135 2394 ⁴,
1158 2344 1234 2398 qui
1254 2358 1358 2386 cum
1378 2343 1534 2385 diuino
1554 2341 1678 2384 fauo-

43 2436 89 2465 re
111 2422 194 2465 iter
218 2436 398 2465 mecum
422 2430 528 2464 sunt
551 2422 802 2475 ingressuri
833 2436 912 2476 per
941 2421 1195 2474 Franciam,
1220 2420 1342 2462 circa
1366 2420 1562 2462 medium
1588 2420 1675 2461 Fe-

41 2499 219 2541 bruarii.
247 2500 303 2541 Et
326 2500 429 2541 licet
453 2507 635 2554 propter
659 2498 874 2541 afflictum
902 2499 1040 2540 huius
1066 2498 1253 2554 Belgiae
1276 2505 1462 2549 statum,
1489 2512 1578 2538 non
1604 2511 1674 2550 pa-

42 2589 137 2617 rum
174 2575 535 2619 dubitauerimus
571 2591 628 2618 an
670 2576 712 2617 in
754 2577 837 2618 hac
875 2576 1156 2631 profectione
1194 2574 1332 2629 aliqui
1374 2576 1530 2616 Patres
1570 2573 1679 2614 mihi

42 2653 224 2708 adiungi
243 2661 442 2708 possent,
465 2654 645 2697 tandem
671 2653 881 2695 omnibus
904 2653 1051 2695 visum
1076 2662 1144 2695 est
1167 2652 1276 2694 satis
1301 2652 1556 2694 faciendum
1582 2665 1681 2693 esse

42 2730 440 2772 constitutionibus
464 2731 646 2784 nostris,
673 2731 729 2772 ad
760 2730 1120 2785 promouendum
1153 2730 1297 2771 maius
1327 2730 1495 2770 bonum
1528 2727 1680 2770 Socie—

175 2872 231 2906 Ex
249 2873 488 2917 autographo
507 2872 545 2906 in
564 2871 650 2906 cod.
676 2872 811 2908 Germ.
834 2879 918 2915 152,
943 2881 962 2906 2
982 2871 1041 2916 ff.‚
1062 2883 1126 2907 nn.
1148 2870 1231 2914 300,
1249 2870 1332 2913 301,
1354 2869 1458 2915 prius
1480 2879 1537 2912 44.

175 2930 369 2966 Adrianus
389 2931 549 2966 Adriani
569 2928 884 2976 (Adriaens'ens).

176 2989 388 3026 Pontanus.

176 3048 349 3095 Capella.

113 2871 127 3067 *QUOD-²
