1999 3338
312 260 380 284 v111
800 243 981 276 Porum:
1009 244 1321 273 COMPLEMENTA

266 351 441 405 pressis,
468 362 579 402 quae
605 354 767 400 partem
792 357 887 384 esse
917 340 1097 382 alterius
1125 336 1396 378 indicabant.
1431 335 1568 389 Quod
1592 341 1639 375 ut
1662 333 1871 375 omnibus

266 426 549 467 manifestum
575 423 709 472 tieret,
736 418 993 471 reliquimus
1017 416 1059 456 in
1086 422 1209 455 textu
1235 419 1405 466 partem
1430 411 1547 452 illam
1573 425 1716 452 nonae
1740 410 1869 452 indu·

204 484 214 516 Δ·
265 502 412 551 striae,
439 499 633 553 quamvis·
657 498 696 537 in
718 496 884 544 codice,
905 494 1037 533 ducta
1057 507 1078 532 a
1098 503 1303 543 suprema
1324 487 1490 542 pagina
1508 488 1564 529 ad
1581 487 1714 528 imam
1735 486 1869 541 linea,

266 578 497 619 obliterata
521 575 734 615 videatur.

355 655 398 694 ln
437 652 586 693 codice
625 649 757 690 unico
796 648 837 687 in
877 661 964 700 quo
998 652 1200 686 servatae
1232 648 1337 683 sunt
1377 653 1424 683 12
1458 640 1721 690 Industriae‚
1754 654 1872 680 nona

265 737 307 771 et
348 727 576 769 undecima
609 725 736 767 valde
772 724 1056 777 imperfectae
1089 726 1209 760 sunt.
1242 719 1406 761 Utrum
1436 716 1538 771 quia
1568 717 1628 758 ita
1658 731 1733 758 eas
1771 716 1870 758 reli-

266 805 406 859 querit
429 811 598 852 auctor,
624 817 677 842 an
702 801 802 855 quia
825 800 970 853 aliqua
1001 797 1100 838 folia
1123 795 1356 850 deperdita
1379 794 1490 845 sint,
1513 794 1661 835 dicere
1686 808 1773 835 non
1797 807 1872 834 va-

267 883 421 923 lemus,
450 882 503 921 Et
525 880 580 920 de
603 893 717 919 nona
740 875 959 918 Industria
982 873 1196 927 suspicari
1219 871 1369 914 licebit
1394 871 1499 913 folia
1522 870 1566 912 in
1591 870 1725 912 alium
1751 869 1871 911 codi-

267 972 360 1000 cem
393 964 558 997 mutata
589 955 722 996 fuisse
752 954 805 994 ab
836 953 928 1006 ipso
956 958 1152 997 auctore,
1187 963 1288 990 cum
1323 948 1440 989 illam
1471 947 1709 1002 separatim
1740 947 1872 989 edere

271 1032 512 1075 constituit.
546 1034 612 1073 De
642 1030 872 1072 undecima
903 1028 1071 1069 nullum
1103 1025 1315 1067 indicium
1350 1025 1404 1066 ad
1437 1026 1521 1066 hoc
1551 1024 1871 1078 suspicandum

268 1110 495 1151 habemus.
523 1108 865 1161 Autographum
891 1119 993 1148 vero
1023 1118 1110 1144 non
1142 1102 1278 1143 fuisse
1308 1116 1471 1155 magna
1495 1114 1603 1142 cura
1625 1107 1870 1154 servatum,

270 1185 508 1227 ostendunt
533 1183 633 1225 folia
657 1197 784 1236 quae,
811 1190 856 1222 ut
881 1182 921 1222 in
953 1181 1049 1234 ejus
1078 1178 1380 1233 descriptione
1403 1178 1625 1231 dicemus,
1652 1183 1777 1220 extra
1810 1178 1870 1218 lo-

269 1276 368 1302 cum
392 1268 496 1302 sunt
519 1260 696 1302 inserta.
724 1258 986 1311 Antiquitus
1007 1257 1186 1310 aliquod
1210 1257 1520 1310 apographum
1551 1266 1599 1296 12
1630 1252 1870 1295 Industria-

269 1352 362 1379 rum
392 1336 612 1378 exstitisse
641 1335 829 1385 videtum
862 1334 1028 1375 namin
1060 1333 1264 1386 catalogo
1294 1331 1463 1386 antiqui
1497 1329 1668 1373 archivi
1699 1329 1872 1371 romani

261 1412 515 1462 Societatis,
540 1411 614 1465 qui
638 1412 867 1465 cataiogus
896 1416 1147 1451 asservatur
1178 1422 1298 1449 nunc
1327 1408 1371 1449 in
1398 1407 1603 1449 vaticano
1626 1406 1812 1448 archivo
1835 1405 1868 1458 ⁸,

261 1489 374 1531 inter
399 1488 663 1530 documenta
693 1502 779 1540 que
808 1486 1153 1528 continebantur
1183 1485 1225 1526 in
1257 1499 1392 1540 capsa
1424 1485 1523 1526 XLI
1556 1483 1711 1526 tertiae
1736 1482 1874 1538 partis

261 1564 435 1605 armarii
460 1566 515 1614 A,
544 1565 652 1604 haec
676 1564 772 1616 (fol.
798 1563 867 1617 42)
893 1568 1197 1604 recensentur:
1228 1561 1505 1603 «Industriae
1534 1572 1582 1602 12
1609 1562 1659 1602 P.
1691 1559 1870 1602 Polanci

262 1641 303 1681 in
336 1640 404 1691 f.⁰,
439 1640 599 1693 quibus
635 1640 812 1682 iuuetur
845 1639 1044 1682 Societas
1077 1639 1131 1679 ad
1166 1639 1300 1679 finem
1337 1638 1419 1679 sibi
1449 1637 1725 1693 propositum
1755 1650 1874 1678 asse-

263 1717 485 1771 quendum
498 1732 533 1769 »3
555 1723 597 1759 et
617 1716 749 1770 paulo
770 1723 882 1770 post:
908 1717 1281 1770 “Autographum
1300 1713 1620 1755 industriarum
1645 1725 1693 1755 12
1717 1715 1765 1754 P.
1790 1713 1872 1754 Po-

260 1793 373 1833 lanci
396 1792 439 1833 in
465 1791 537 1844 f.⁰,
564 1792 725 1846 quibus
750 1793 929 1834 iuuetur
948 1791 1166 1843 SocietaS,
1188 1800 1299 1833 etc.»
1323 1791 1368 1834 Si
1389 1798 1539 1833 tamen
1557 1790 1870 1845 apographum

261 1869 346 1908 hoc
370 1868 514 1908 adhuc
538 1867 700 1908 alicubi
723 1876 882 1918 exstat,
910 1869 1039 1909 nobis
1068 1868 1174 1909 illud
1199 1868 1351 1910 videre
1375 1882 1463 1909 non
1488 1866 1628 1909 licuit.

350 1945 464 1985 Inter
488 1945 565 1984 has
589 1944 821 1987 duodecim
850 1945 1029 1986 Polanci
1059 1944 1304 1986 industrias
1333 1951 1376 1986 et
1407 1942 1768 1986 Constitutiones
1791 1943 1870 1985 So-

264 2020 434 2062 cietatis
457 2034 480 2061 a
498 2030 654 2061 sancto
676 2019 866 2063 Parente
893 2022 1065 2076 Ignatio
1089 2021 1365 2076 conscriptas
1390 2034 1599 2075 magnam
1623 2018 1874 2061 similitudi-

265 2111 364 2138 nem
395 2097 647 2150 frequenter
679 2097 982 2151 deprehendet
1012 2100 1214 2141 eruditus
1249 2100 1409 2149 lector,
1442 2108 1485 2141 et
1515 2099 1558 2139 in
1598 2099 1730 2141 rebus
1759 2111 1875 2151 quae

266 2180 527 2223 tractantur,
554 2182 596 2215 et
626 2174 668 2214 iu
697 2175 850 2217 ordine
880 2190 969 2228 quo
1007 2183 1308 2231 exponuntur:
1342 2176 1583 2230 influxurn,
1620 2182 1663 2216 et
1694 2173 1873 2228 quidem

265 2263 352 2289 non
385 2263 563 2302 parvum
603 2250 732 2291 unius
764 2252 908 2304 operis
942 2252 984 2292 in
1024 2253 1142 2294 aliud
1171 2268 1302 2295 nemo
1336 2252 1410 2306 qui
1451 2261 1693 2306 utrumque
1732 2251 1872 2305 legat,

266 2325 463 2379 negabit.
491 2326 625 2379 Quod
652 2327 813 2369 nemini
839 2328 996 2369 mirum
1016 2329 1151 2371 videri
1170 2330 1321 2381 debet,
1343 2343 1445 2370 cum
1474 2330 1699 2370 Polancus
1718 2334 1876 2369 sancto

270 2401 445 2443 Parenti
474 2402 518 2442 in
549 2402 958 2445 Constitutionibus
988 2406 1237 2447 scribendis
1267 2412 1526 2447 constanter
1555 2404 1797 2456 adstiterit,
1831 2410 1878 2446 ut

268 2489 398 2516 manu
421 2476 583 2530 scripta
608 2477 700 2531 ipsa
723 2479 1107 2522 Constitutionum
1132 2482 1279 2523 adhuc
1304 2488 1541 2523 testantur.

356 2552 592 2604 Quodnam
617 2568 719 2595 vero
742 2569 795 2596 ex
818 2556 885 2596 his
902 2557 1077 2598 duobus
1095 2558 1303 2612 operibus
1321 2558 1364 2599 in
1385 2558 1504 2599 aliud
1522 2557 1748 2600 influxerit
1766 2557 1877 2599 diffi-
1937 2574 1940 2577 ’

270 2626 351 2668 cile
373 2628 453 2667 erit
476 2628 611 2682 dictu,
640 2632 893 2683 praesertim
918 2647 1019 2674 cum
1045 2634 1173 2687 pauci
1202 2634 1379 2676 codices
1409 2634 1794 2676 Constitutionum
1823 2634 1879 2675 ad

276 2716 429 2743 manus
455 2704 556 2745 sint.
589 2707 792 2748 Fortasse
822 2716 1003 2749 mutuus
1037 2710 1168 2750 fuerit
1193 2711 1402 2762 influxus,
1435 2725 1536 2752 cum
1568 2725 1656 2765 quo
1681 2717 1880 2765 tempore

279 2778 496 2818 Polaticus
533 2781 751 2823 scriimbat
790 2784 1045 2836 industrias,
1091 2787 1293 2837 [gnatius
1337 2788 1497 2841 legifer
1534 2766 1887 2830 constitutiones

275 2854 500 2894 conderet.
527 2856 700 2897 Scimus·
723 2860 940 2909 Ignatium
966 2876 1081 2901 anno
1108 2873 1214 2914 1347
1240 2864 1354 2905 serio
1374 2864 1570 2906 animum
1591 2864 1808 2918 adjecisse
1827 2863 1881 2904 ad

348 3019 359 3031 ⁸
409 3017 466 3051 (ss.
489 3018 612 3061 Episf.
639 3022 680 3055 Ρ.
704 3022 847 3062 Ahalas,
870 2999 934 3065 iv,
958 3033 998 3067 57
1018 3038 1100 3069 sqq.
1124 3026 1256 3064 (codex
1277 3029 1348 3070 70).
