1953 3333
574 202 706 236 EPIST.
735 202 907 235 18o.—-11
940 201 1138 244 JANUARH
1170 199 1256 243 1573
1605 206 1671 240 215

341 419 441 453 REX
471 417 879 454 PORTUGALLIAE
908 417 1166 452 PATRIBUS
1194 417 1307 453 SOC.
1333 418 1455 463 JESU

595 490 732 530 EB'ORA
764 503 799 529 11
831 503 1027 537 JANUARII
1058 494 1146 537 1573
1174 495 1205 529 ¹.

177 591 350 636 Collegio
369 601 537 624 romano
558 591 597 626 S.
614 590 656 637 J.
677 590 960 635 eleemosynam
981 590 1163 635 largitur
1182 594 1411 624 aromatum
1432 594 1466 624 et
1490 591 1632 625 thuris.

177 688 205 743 ’ξ-
233 687 451 728 Dominus
474 685 792 738 Sebastianus,
826 685 908 727 Dei
940 685 1085 739 gratia
1116 699 1192 727 rex
1220 685 1524 739 Portugalliae
1557 692 1601 728 et
1634 686 1718 727 Al-

88 765 342 821 garbiorum
367 763 430 804 cis
454 764 660 816 ultraque
685 777 822 813 mare,
849 762 892 802 iri
920 761 1074 803 Africa
1098 761 1307 802 dominus
1331 762 1537 803 Guineae
1555 770 1599 804 et
1618 775 1719 804 con-

89 839 355 895 quisitionis,
378 839 701 893 nauigationiS,
723 837 983 880 commercii
1004 838 1269 892 Ethyopiae,
1288 837 1498 888 Arabiae,
1521 838 1718 888 Persiae,

92 917 252 966 Indiae,
288 925 374 958 etc.
412 916 638 958 Omnibus
677 917 757 957 has
796 915 966 956 litteras
1006 914 1276 969 inspecturis
1318 922 1471 956 notum
1500 915 1612 956 facio
1652 929 1721 956 me

90 1008 185 1038 esse
212 993 499 1034 informatum
532 993 588 1036 de
619 1007 785 1047 magno
814 994 964 1034 fructu
1001 992 1250 1033 animarum
1283 991 1357 1045 qui
1389 991 1616 1046 colligitur
1645 1006 1722 1046 per

90 1071 281 1113 medium
307 1071 521 1111 domuum
545 1078 588 1112 et
612 1070 908 1125 collegiorum
934 1069 1174 1112 Societatis
1197 1070 1314 1122 lesu,
1336 1076 1380 1111 et
1404 1069 1502 1111 eius
1527 1068 1721 1123 relligio-

90 1162 238 1190 sorum
262 1148 304 1188 in
340 1147 586 1189 Germania
616 1155 660 1188 et
692 1147 873 1200 Belgio,
911 1147 954 1187 in
990 1146 1270 1188 stabiliendis
1299 1145 1534 1187 catholicis
1567 1146 1611 1186 in
1636 1146 1724 1188 fide

89 1226 350 1276 orthodoxa,
373 1233 509 1278 atque
528 1225 571 1265 in
592 1224 861 1267 reducendis
880 1222 1136 1273 haereticis,
1159 1223 1323 1277 quibus
1341 1223 1549 1264 domibus
1568 1231 1612 1264 et
1629 1224 1721 1264 col-

90 1302 217 1357 legiis
244 1301 353 1343 iussi
383 1302 490 1344 dare
519 1302 668 1356 aliqua
698 1308 897 1343 aromata
927 1308 970 1341 et
996 1301 1100 1341 thus
1130 1315 1208 1355 per
1238 1300 1321 1342 alia
1351 1315 1449 1342 mea
1482 1300 1724 1355 diplomata

97 1386 225 1434 prout
249 1378 292 1419 in
316 1379 380 1421 eis
404 1378 675 1420 continetur.

180 1456 234 1496 Et
257 1455 469 1510 quoniam
492 1447 732 1510 collegium
764 1465 808 1497 et
837 1457 997 1498 domus
1028 1471 1139 1511 quas
1169 1455 1289 1497 dicta
1320 1455 1523 1498 Societas
1555 1456 1725 1497 Romae

95 1533 242 1585 habet,
269 1540 375 1574 sunt
399 1533 623 1575 seminarii
648 1533 692 1573 in
716 1533 880 1587 quibus
903 1535 957 1575 ad
980 1535 1102 1575 hunc
1134 1534 1344 1575 effectum
1371 1533 1622 1574 educantur
1647 1546 1722 1573 so·
1766 1588 1769 1591 .

93 1609 163 1663 cii,
189 1611 289 1651 volo
312 1617 357 1653 et
376 1610 521 1664 placet
541 1611 704 1664 facere,
730 1619 859 1665 prout
885 1625 960 1665 per
978 1618 1239 1666 praesentes
1257 1609 1388 1659 facio,
1411 1610 1720 1664 elemosynam

92 1688 282 1741 collegio
305 1696 349 1728 et
378 1687 586 1729 domibus
616 1702 727 1742 quas
756 1688 959 1731 Societas
990 1690 1157 1731 Romae
1188 1688 1344 1738 habet,
1372 1695 1553 1729 centurn
1585 1694 1630 1730 et
1654 1687 1723 1727 vi-

91 1763 202 1819 ginti
226 1764 437 1806 librarum
463 1773 715 1807 aromatum
739 1773 784 1807 et
808 1765 967 1807 thuris:
997 1765 1205 1808 videlicet
1224 1765 1279 1817 48
1300 1764 1515 1806 librarum
1542 1763 1722 1818 piperis,

96 1842 454 1895 12malaguetae,
484 1842 532 1884 18
553 1841 798 1892 zinziberii,
827 1854 876 1884 12
895 1842 1153 1895 cinamomi,
1183 1854 1230 1884 12
1251 1841 1525 1897 gariophyli,
1555 1841 1604 1883 18
1626 1843 1724 1882 thu-

90 1917 162 1961 ris:
190 1932 304 1972 quae
327 1927 525 1961 aromata
549 1926 593 1961 et
617 1921 723 1961 thus
746 1919 1029 1974 praepositus
1061 1928 1138 1961 aut
1167 1918 1361 1961 vicarius
1384 1918 1611 1974 generalis
1636 1919 1722 1961 So—

89 1995 263 2037 cietatis
285 1995 457 2038 iubebit
480 1996 682 2039 diuidere
706 2010 781 2051 per
802 1997 971 2038 dictum
991 1996 1234 2051 collegium
1254 2004 1298 2037 et
1316 1996 1476 2037 domos
1499 1995 1621 2037 vrbis
1642 1996 1726 2037 Ro-

90 2086 185 2114 mae
209 2072 332 2114 iuxta
353 2072 710 2127 vniuscujusque
733 2073 957 2115 sociorum
984 2088 1238 2116 numerum.
1269 2075 1558 2128 Quapropter
1591 2072 1726 2114 iubeo

88 2149 351 2204 prouiditori
375 2158 419 2191 et
441 2150 538 2191 aliis
562 2150 831 2192 officialibus
854 2152 1015 2193 domus
1043 2151 1242 2201 indicae,
1272 2160 1319 2192 ut
1344 2165 1368 2192 a
1392 2150 1531 2205 prima
1555 2150 1626 2192 die
1660 2151 1728 2192 Ia-

91 2226 232 2267 nuarii
256 2227 504 2281 praesentis
527 2227 632 2268 anni
663 2238 772 2282 1573
797 2229 841 2270 in
868 2237 1094 2283 posterum
1121 2229 1228 2270 dent
1251 2237 1294 2271 et
1318 2228 1424 2270 dare
1448 2227 1612 2269 faciant
1631 2242 1729 2283 per-

91 2317 229 2346 sonae
254 2304 324 2345 uel
350 2304 552 2358 personis
576 2319 690 2358 quae
720 2306 776 2347 ad
801 2306 1111 2360 accipiendum
1141 2305 1383 2348 habuerint
1406 2306 1668 2347 mandatum
1703 2319 1726 2347 a

91 2380 288 2435 generali
314 2382 384 2423 uel
407 2381 591 2434 vicario,
616 2382 808 2437 singulis
831 2382 961 2424 annis
984 2382 1128 2424 dictas
1153 2394 1232 2425 120
1250 2383 1385 2424 libras
1408 2392 1659 2424 aromatum
1684 2389 1728 2424 et

93 2457 253 2510 thuris,
280 2458 414 2500 modo
437 2459 657 2514 exposito,
684 2460 856 2514 absque
885 2459 1033 2514 aliqua
1057 2460 1372 2514 diminutione,
1402 2475 1478 2514 per
1501 2460 1609 2502 istas
1636 2468 1730 2501 tan-

92 2542 184 2576 tum
207 2534 379 2576 litteras
402 2535 499 2578 sine
524 2536 608 2578 alia
639 2536 923 2579 ordinatione
951 2551 1074 2591 mea,
1100 2546 1178 2578 aut
1209 2536 1489 2587 officialium,
1518 2545 1603 2579 etc.
1640 2538 1728 2593 Da-

95 2618 187 2652 tum
212 2611 385 2654 Eborae
416 2625 461 2655 ΙΙ
490 2613 682 2655 Ianuarii
708 2624 834 2668 1573.

1372 2693 1488 2734 REX,

180 2766 389 2822 Sigillum
408 2769 678 2822 ,plumbeum
706 2769 909 2822 pendens
932 2776 963 2810 ἃ.

162 2900 177 2917 a
227 2890 335 2926 Haec
352 2893 486 2932 verba,
507 2893 633 2937 zpsius
651 2893 879 2939 apographi
897 2898 1003 2929 sunt.

163 3009 174 3028 ¹
227 3010 282 3043 Ex
302 3012 523 3056 apographo
541 3022 700 3055 coaevo,
724 3012 762 3046 in
782 3012 917 3047 codice
940 3013 1041 3058 Epp.
1066 3013 1249 3053 Extern„
1275 3021 1287 3046 1
1311 3012 1374 3048 fol.
1395 3023 1477 3047 non*
1490 3013 1655 3058 signato.
