1891 3292
621 219 1153 266 COMMENTARIOLA.—1567
1580 224 1649 268 677

61 320 234 376 collegii
257 326 403 362 rector
427 320 588 374 fuerat,
614 320 659 362 in
683 321 902 373 Africam,
929 323 974 365 id
996 331 1063 365 est
1093 323 1316 375 Oranum,
1342 338 1445 367 cum
1469 324 1591 367 socio
1614 339 1685 367 sa-

63 382 239 425 cerdote
266 380 314 421 P.
338 379 603 422 Hieronimo
624 381 725 422 Mur
762 388 806 422 et
831 382 968 425 fratre
985 382 1100 423 laico
1134 382 1297 424 missus
1316 384 1414 435 fuit,
1437 384 1569 426 simul
1587 398 1690 426 cum

63 439 239 484 domino
262 438 481 493 magistro
505 439 688 481 militiae
712 441 962 491 Montesae,
990 441 1064 495 qui
1087 456 1111 483 a
1135 456 1243 496 rege
1267 443 1491 484 catholico
1515 444 1687 497 guber-

64 508 190 542 nator
206 505 251 540 et
273 497 498 552 generalis
521 499 613 540 dux
636 513 690 541 eo
714 499 995 541 mittebatur.
1029 501 1094 541 Eo
1117 510 1267 543 autem
1292 503 1565 556 perueniens
1587 516 1688 543 cum

63 557 193 602 sociis
215 556 260 597 in
284 571 335 598 ea
360 557 540 598 Domini
563 558 693 599 vinea
716 572 819 599 cum
845 559 993 600 fructu
1018 560 1220 601 laborare
1244 561 1376 615 cepit.

47 624 54 630 “
147 628 217 671 34.
283 616 398 658 Fere
429 617 587 658 eodem
621 619 909 673 temporeP.
940 619 1137 660 Didacus
1171 619 1338 673 LOpez,
1377 620 1451 674 qui
1486 619 1689 673 ⁴<gaditani

62 675 234 730 collegii
258 683 406 716 rector
428 683 472 716 et
493 675 785 718 concionator
812 677 972 727 fuerat,
999 677 1042 717 in
1074 678 1290 720 Canarias
1318 679 1439 731 (olim
1470 680 1689 721 Fortuna-

63 737 145 789 tas)
178 735 364 787 insulas,
396 748 499 776 cum
536 737 585 778 P.
620 736 864 778 Laurentio
893 744 937 777 et
976 735 1073 778 aliis
1106 737 1284 779 duobus
1318 739 1532 779 fratribus
1564 737 1690 778 laicis

62 794 221 836 missus
243 801 327 847 est,
355 793 489 835 simul
511 808 613 835 cum
640 809 760 836 nouo
788 794 1002 850 episcopo
1034 796 1253 838 Canariae
1272 799 1327 840 D.
1355 796 1582 849 Torrensi‚
1610 796 1692 839 So-

61 853 232 897 cietatis
255 853 401 894 amico
423 853 700 897 fidelissimo.
809 861 819 877 ¹

147 922 217 966 35.
286 913 454 954 Eodem
489 921 689 967 tempore
721 912 924 965 Pinciae,
965 914 1009 955 id
1039 922 1106 956 est
1136 915 1409 964 Valladolid,
1441 922 1591 969 empta
1620 922 1689 956 est

60 972 217 1014 domus
241 985 356 1025 quae
380 972 572 1025 collegio
596 972 852 1023 Soc'ietatis,
879 986 980 1014 cum
1013 988 1093 1015 sua
1117 975 1270 1015 schola
1293 981 1336 1016 et
1361 973 1526 1027 templo
1549 974 1685 1027 appli-

60 1038 247 1082 caretur,
271 1039 317 1072 vt
342 1031 460 1085 prior
483 1032 644 1073 domus
672 1045 774 1073 cum
804 1033 994 1075 ecclesia
1022 1032 1095 1075 ΞΡ
1127 1033 1313 1075 Antonii
1344 1033 1571 1087 professae
1595 1033 1686 1075 So—

59 1089 206 1133 cietati
225 1090 569 1143 relinqueretur.

146 1149 216 1203 36.
284 1149 534 1204 Aliquanto
557 1157 705 1200 antea,
738 1150 901 1191 domus
929 1151 999 1192 vel
1029 1151 1270 1205 collegium
1301 1150 1357 1192 de
1387 1149 1544 1204 Villar,
1572 1164 1687 1204 quae

59 1211 157 1253 aere
179 1208 424 1250 admodum
449 1209 682 1262 insalubri‚
708 1210 872 1251 nostris
896 1224 985 1251 non
1011 1210 1250 1252 mediocria
1275 1209 1542 1251 detrimenta
1566 1211 1683 1251 vale-

62 1267 226 1309 tudinis
250 1276 294 1309 et
315 1268 433 1310 vitae
459 1269 759 1322 quorundam,
793 1269 1022 1319 intulerat,
1048 1278 1091 1311 et
1120 1269 1285 1323 alioqui
1317 1268 1575 1309 ministeriis
1608 1282 1683 1309 no-

60 1326 135 1369 stri
159 1326 352 1368 instituti
376 1328 546 1370 inutilis
563 1328 1009 1382 deprehendebatur,
1037 1344 1112 1383 per
1135 1328 1380 1370 sententias
1403 1327 1602 1380 legitime
1625 1329 1685 1369 la-

62 1394 126 1428 tas
148 1386 294 1437 nobis,
316 1387 516 1428 ablatum
534 1387 833 1429 creditoribus
850 1387 947 1428 eius
966 1388 1039 1441 qui
1066 1387 1290 1429 fundatori
1308 1386 1588 1438 vendiderat,
1611 1387 1684 1428 ad-

60 1445 303 1487 iudicatum
327 1453 411 1489 est.
438 1447 584 1501 Supra
609 1454 756 1489 tamen
780 1455 882 1488 octo
900 1447 1035 1487 millia
1058 1448 1324 1488 ducatorum
1348 1459 1464 1499 quae
1487 1446 1685 1488 Societa-

61 1504 92 1546 ti
119 1519 173 1547 ex
205 1519 258 1546 eo
292 1505 484 1561 collegio
516 1506 783 1548 auctoritate
813 1506 1057 1561 apostolica
1087 1506 1470 1559 relinquebantur,
1495 1504 1687 1558 collegio

0 1582 1 1597 1
63 1563 241 1607 Pinciae
264 1565 488 1619 applicata
514 1567 604 1608 fere
633 1573 755 1616 sunt,
789 1573 834 1606 vt
862 1565 923 1606 ibi
954 1565 1193 1617 fundatori,
1225 1573 1268 1607 et
1298 1564 1586 1618 sepulchrum
1611 1564 1685 1605 fie-

62 1631 139 1678 ret,
166 1630 210 1666 et
234 1624 450 1677 suffragia
474 1631 692 1679 perpetua
716 1632 993 1667 constarent.

0 1717 2 1724 ,
146 1694 216 1737 37.
284 1684 594 1738 Tyrnauiense
618 1684 858 1739 collegium
885 1684 928 1725 in
956 1683 1171 1737 Vngaria,
1196 1683 1472 1725 dotationem
1503 1695 1686 1735 accepe—

0 1758 2 1765 >
60 1749 125 1784 rat
148 1757 287 1797 prope
310 1743 590 1792 Cassouiam,
617 1744 855 1797 quamdam
881 1743 1091 1792 abatiam,
1118 1757 1233 1797 quae
1261 1750 1304 1784 et
1334 1756 1487 1783 curam
1520 1741 1685 1783 anima-

0 1806 3 1841 ἵ
59 1815 153 1843 rum
178 1802 388 1857 habebat,
415 1810 460 1844 et
484 1803 836 1846 iurisdictionem
859 1804 1165 1858 temporalem,
1189 1810 1233 1844 et
1258 1801 1418 1855 partim
1444 1801 1500 1842 ab
1525 1800 1687 1842 hereti—

59 1860 135 1912 cis,
162 1861 321 1916 partim
345 1876 370 1902 a
395 1862 548 1913 turcis,
572 1862 729 1916 partim
749 1878 773 1903 a
793 1862 1007 1904 militibus
1026 1861 1295 1905 caesarianis
1314 1860 1684 1911 consumebatur3

59 1926 102 1962 et
124 1920 288 1963 caeteri
311 1922 514 1963 redditus
557 1922 690 1964 etiam
724 1936 879 1976 parum
910 1922 1021 1965 certi
1050 1931 1093 1963 et
1123 1920 1398 1963 sufficientes
1429 1926 1572 1970 erant3
1605 1918 1682 1959 do-

0 2016 5 2025 ,
59 1993 155 2020 mus
178 1979 361 2033 exigua,
387 1989 432 2023 et
457 1989 549 2022 tum
581 1981 807 2033 incendio,
833 1982 956 2035 quod
993 1992 1072 2034 150
1102 1979 1385 2034 consumpsit
1413 1978 1607 2019 maxima
1630 1991 1684 2019 ex

3 2076 5 2078 .
59 2046 178 2092 parte
201 2039 481 2094 desragrauit
506 2039 622 2097 [sic];
650 2042 833 2082 scholae
857 2041 953 2082 sine
978 2039 1230 2094 frequentia
1254 2047 1297 2080 et
1323 2039 1489 2088 fructu,
1515 2044 1560 2079 et
1582 2051 1687 2078 suas

3 2102 5 2154 ]
57 2097 214 2140 ciuitas
236 2098 402 2152 iniquis
425 2100 762 2142 conditionibus
786 2101 937 2151 dabat;
965 2101 1144 2142 demum
1176 2098 1473 2154 perexiguum
1497 2110 1683 2138 suorum

3 2173 7 2212 3
57 2156 255 2199 laborum
280 2159 485 2212 capiebat
508 2160 704 2201 fructum
729 2159 906 2201 ciuitas.
933 2160 1037 2202 Ideo
1061 2160 1177 2200 bona
1208 2172 1311 2200 cum
1341 2156 1472 2198 venia
1498 2155 1684 2209 impera-

59 2216 163 2258 toris
187 2217 479 2260 Maximiliani
513 2219 868 2272 (dissolutionem
901 2219 1171 2273 propositam
1202 2215 1509 2272 approbantis)
1539 2214 1683 2255 iniun-

4 2274 7 2316 ἶ
58 2282 175 2318 ctum
201 2284 270 2318 est
297 2288 349 2318 20
373 2278 485 2319 Iunii
516 2286 562 2319 vt
591 2278 931 2332 dissolueretur,
960 2278 1201 2319 mobilibus
1231 2278 1286 2317 ad
1315 2276 1414 2330 pios
1449 2288 1556 2315 Vsus
1589 2273 1685 2316 reli-

6 2391 7 2394 Ἴ
58 2335 153 2389 ctis,
180 2350 263 2377 nec
287 2335 391 2378 inde
415 2338 669 2392 asportatis;
696 2339 816 2392 quod
840 2352 941 2379 cum
968 2339 1084 2378 bona
1114 2334 1437 2390 archiepiscopi
1469 2332 1615 2386 venia,
1643 2343 1686 2374 et

56 2394 252 2436 omnium
273 2395 573 2448 edificatione,
595 2412 749 2440 mense
767 2397 1022 2452 Septembri
1042 2395 1296 2437 executioni
1318 2393 1578 2435 mandatum
1599 2400 1681 2434 est.

145 2454 214 2507 38.
283 2456 440 2510 Mense
465 2458 599 2511 Mayo
624 2457 868 2498 admissum
892 2465 960 2498 est
984 2455 1224 2509 collegium
1251 2452 1326 2496 Sfi
1355 2450 1605 2495 Audomari
1639 2450 1684 2492 in

57 2510 252 2555 inferiori
275 2514 537 2570 Germania,
561 2516 679 2570 quod
704 2516 942 2571 episcopus
964 2514 1178 2559 Societati
1201 2513 1298 2555 sine
1320 2512 1418 2553 vllis
1441 2509 1680 2564 obligatio-

8 2570 10 2575 '
57 2570 186 2614 nibus
208 2573 413 2625 donauit,
440 2582 484 2617 et
509 2583 685 2629 praeter
707 2577 900 2630 amplam
930 2576 1111 2617 domum
1144 2587 1278 2626 quam
1309 2570 1525 2614 Societati
1551 2567 1682 2610 tradi-

57 2629 133 2682 dit,
158 2633 412 2674 scholarum
456 2641 500 2676 et
523 2635 742 2677 ecclesiae
759 2634 1119 2677 aedificationem
1145 2633 1198 2673 ad
1223 2646 1271 2673 se
1295 2629 1479 2683 recepit3
1500 2637 1544 2670 et
1574 2638 1681 2681 1073

55 2689 248 2733 florenos
285 2692 425 2734 annui
469 2693 672 2735 redditus
707 2709 786 2748 pro
820 2694 1023 2748 quodam,
1055 2690 1274 2745 principio
1312 2687 1571 2744 applicanst,
1605 2701 1681 2727 au·

56 2757 285 2802 gmentum
310 2766 454 2806 vsque
482 2753 537 2794 ad
563 2753 885 2807 perfectionem
912 2751 1152 2807 pollicitus.
1181 2748 1378 2792 Admisit
1402 2756 1552 2789 autem
1572 2745 1682 2787 illud

60 2809 107 2850 P.
133 2810 340 2865 Nat[al]is
363 2825 464 2852 cum
492 2812 542 2853 P.
564 2812 755 2854 Costero
779 2811 1061 2867 prouinciali:
1082 2817 1127 2851 et
1145 2809 1316 2864 primus
1334 2814 1482 2849 rector
1507 2808 1558 2849 P.
1582 2805 1680 2847 Bal·

54 2865 216 2910 duinus
237 2870 293 2912 ab
317 2872 503 2926 Angelo
526 2871 804 2913 constitutus
823 2878 907 2914 est.

13 2971 15 2975 .
143 2940 211 2984 39.
279 2929 395 2972 Cum
421 2937 711 2973 tornacenses
751 2938 850 2985 post
869 2928 1237 2982 tranquillitatem
1258 2924 1470 2980 Belgicae
1489 2931 1678 2978 partam,

12 2983 15 3002 *
55 2998 132 3037 pro
153 2988 347 3043 collegio
370 2989 610 3032 Societatis
635 2989 893 3032 reducendo
911 2986 1088 3030 solliciti
1106 2992 1273 3037 essent,
1296 2999 1386 3026 non
1409 2983 1454 3024 id
1477 2983 1679 3024 obtinue-

13 3086 17 3106 a
55 3052 172 3097 runt;
205 3049 283 3090 sed
315 3049 365 3090 Ρ.
400 3049 591 3091 Ioannes
621 3050 862 3103 Mortagne
891 3062 993 3089 cum
1033 3046 1172 3098 socio,
1209 3059 1262 3087 eo
1301 3043 1445 3094 rediit,
1483 3042 1600 3084 sicut
1636 3048 1680 3084 et
