1891 3292
263 209 330 243 592
770 195 959 230 POLANC1
986 203 1301 229 COMPLEMENTA

212 300 372 342 misere
403 298 702 340 deuastarunt
735 310 811 350 per
842 309 1021 338 menses
1050 295 1236 348 aliquot.
1269 295 1485 349 Sequenti
1516 310 1622 339 vero
1652 296 1724 338 die
1752 298 1838 342 duo

212 360 336 400 illum
362 357 523 398 milites
546 356 730 397 domum
758 368 901 407 usque
925 354 1228 396 deduxerunt.

300 416 469 459 Ultimo
513 413 730 456 Octobris
774 420 1075 467 susceperunt
1119 427 1243 455 more
1286 411 1434 465 solito,
1476 418 1519 455 et
1557 413 1837 467 praesidente

215 478 263 518 R.
300 476 349 516 Ρ.
384 473 574 522 Madrid,
607 471 805 514 doctoris
837 472 1016 513 titulum
1047 471 1091 512 in
1121 485 1249 513 sacra
1279 470 1508 525 theologia
1538 472 1590 514 R.
1627 473 1678 514 P.
1713 474 1836 517 Ema-

211 534 331 583 nuel,
360 534 410 575 R.
443 534 491 574 Ρ.
519 533 737 585 Montoya
760 538 803 573 et
829 532 880 572 R.
912 532 961 572 Ρ.
988 530 1157 572 Guido.
1183 531 1230 571 In
1253 529 1426 571 artibus
1457 544 1565 572 vero
1596 532 1648 573 R.
1683 532 1731 573 Ρ.
1758 533 1837 576 Ba-

212 592 346 646 ptista
369 591 413 632 di
437 591 538 633 Iesu
561 597 605 632 et
634 591 693 632 M.
722 590 914 632 Carolus
940 589 1241 631 pharaonius.

300 663 323 703 3
344 648 621 692 Nouembris
638 663 741 690 cum
760 648 937 703 ingenti
957 648 1135 690 feruore
1153 646 1302 688 studia
1318 654 1472 689 nostra
1489 647 1703 690 inchoata
1720 651 1840 704 sunt',

208 717 253 752 et
277 710 409 763 paulo
442 715 543 762 post
568 714 814 750 renouatae
842 707 1045 748 omnium
1069 707 1324 748 officiorum
1354 707 1556 761 regulae,
1583 707 1644 748 ita
1671 715 1716 748 vt
1745 709 1834 750 vni-

211 783 339 811 uersa
379 769 566 822 pulchre
604 766 864 821 procedant,
905 779 1096 819 quorum
1135 765 1336 807 omnium
1371 765 1654 820 praecipuam
1688 780 1838 810 curam

211 827 407 869 habebat
432 828 484 868 R.
514 827 565 867 Ρ.
593 826 830 867 Emanuel.

299 898 326 938 4
344 885 479 927 huius
497 884 801 927 discesserunt
821 885 962 925 Roma
982 885 1034 925 R.
1059 885 1109 925 P.
1131 882 1299 933 GuidO,
1325 883 1375 924 Ρ.
1400 882 1601 937 Baptista
1619 882 1663 924 di
1680 883 1838 937 Giesu,

210 951 255 985 et
279 946 515 987 Balthasar
536 943 776 985 lusitanus.

302 1004 434 1046 Circa
467 1002 738 1057 principium
766 1000 902 1042 huius
924 1000 1094 1042 mensis
1123 999 1430 1041 intelleximus
1458 999 1621 1042 Goiam
1652 999 1740 1042 iam
1763 1015 1838 1056 ap-

213 1063 381 1117 pulisse
410 1063 508 1103 illos
537 1069 734 1110 nostros,
767 1060 844 1115 qui
866 1059 991 1101 missi
1014 1066 1142 1102 erant
1174 1060 1229 1100 ad
1259 1059 1579 1113 Presbyterum
1610 1059 1836 1113 Ioannem;

213 1121 433 1164 mansisse
462 1129 555 1161 tum
581 1121 694 1161 duos
722 1134 777 1160 ex
801 1118 965 1160 nostris
989 1131 1091 1159 cum
1115 1118 1210 1159 aliis
1236 1117 1387 1158 multis
1410 1118 1455 1158 in
1479 1117 1625 1158 insula
1649 1120 1838 1172 quadarn

212 1182 342 1223 valde
365 1181 560 1229 deserta,
588 1179 632 1219 in
657 1192 792 1232 quam
814 1193 892 1232 per
915 1177 1202 1231 naufragium
1221 1183 1348 1220 erant
1366 1175 1514 1219 eiecti.
1537 1177 1840 1220 Inchoabant¹

213 1239 353 1281 nostri
377 1238 589 1281 exercitia
612 1237 854 1281 Societatis
877 1237 920 1277 in
945 1235 1079 1278 Goia.

300 1298 432 1340 Circa
469 1309 518 1339 12
548 1296 683 1338 huius
713 1296 877 1337 missus
900 1303 968 1338 est
998 1293 1273 1348 Ingolstadio
1303 1293 1482 1335 libellus
1511 1293 1694 1348 quidam
1726 1293 1840 1349 typis

211 1371 422 1408 excusus,
444 1356 520 1410 qui
545 1355 801 1397 institutum
833 1362 877 1397 et
902 1368 1067 1396 nomen
1092 1353 1331 1396 Societatis
1355 1353 1517 1394 acriter
1550 1353 1832 1405 defendebat,

211 1431 397 1459 narrans
429 1417 521 1458 fere
552 1414 704 1456 omnia
734 1414 805 1455 illa
835 1414 891 1456 de
921 1413 1047 1454 obitu
1080 1414 1133 1454 R.
1163 1414 1214 1455 Ρ.
1249 1412 1391 1453 nostri
1420 1426 1535 1465 quae
1564 1412 1620 1454 ad
1649 1411 1838 1467 collegia

212 1475 555 1529 transcripserat
589 1475 642 1516 R.
679 1475 728 1516 Ρ.
765 1472 1009 1515 Polancus.
1043 1471 1352 1514 Intelleximus
1381 1471 1514 1512 etiam
1546 1472 1598 1512 R.
1629 1472 1679 1512 Ρ.
1708 1470 1835 1513 Cani'-

210 1534 323 1575 sium
349 1541 393 1577 et
424 1535 577 1586 Lanoy
602 1532 687 1573 iam
719 1531 980 1586 peruenisse
1018 1531 1256 1572 Patauium
1288 1542 1311 1572 2
1343 1529 1631 1581 Nouembris3
1665 1543 1834 1585 regres-

210 1607 283 1635 sos
306 1593 469 1635 deinde
494 1592 540 1632 in
564 1591 872 1634 Germaniam.

304 1664 354 1704 14
382 1651 517 1692 huius
546 1650 756 1692 horribile
790 1649 1014 1704 quoddam
1050 1651 1216 1689 factum
1250 1648 1461 1689 narrabat
1495 1649 1547 1690 R.
1588 1649 1637 1690 Ρ.
1675 1653 1833 1702 rector,

209 1711 331 1765 quod
372 1710 673 1764 praeterlapso
713 1708 985 1762 Septembri,
1028 1706 1188 1759 Aretii‚
1229 1720 1343 1761 quae
1381 1706 1538 1748 civitas
1570 1714 1638 1749 est
1671 1706 1831 1761 Italiae,

207 1769 478 1823 contigerat:
507 1780 562 1823 29
585 1767 879 1822 Septembris,
905 1767 980 1821 qui
1004 1773 1099 1809 erat
1122 1767 1170 1809 S.
1198 1765 1410 1808 Michaeli
1434 1779 1576 1816 sacer,
1603 1772 1832 1820 spectacu—

209 1830 299 1870 lum
330 1828 554 1882 quoddam
584 1827 761 1881 magnis
790 1826 1046 1880 sumptibus
1075 1832 1169 1867 erat
1192 1824 1514 1878 exhibendum,
1541 1825 1596 1867 de
1620 1825 1832 1879 paradyso

207 1888 489 1942 angelorum,
517 1886 805 1927 missionibus
827 1893 871 1928 et
894 1883 1153 1939 hujusmodi
1175 1883 1286 1925 aliis.
1309 1884 1457 1936 Supra
1475 1892 1571 1925 erat
1590 1884 1832 1937 paradysus

207 1953 252 1988 et
281 1947 456 1988 coelum
487 1945 771 1994 collocatum,
808 1944 922 1985 infra
956 1957 1063 1986 vero
1095 1943 1313 1985 infernus.
1352 1943 1406 1983 Et
1440 1956 1545 1984 ecce
1579 1957 1682 1984 mox
1706 1941 1830 1984 initio

208 2019 347 2059 quum
370 2004 609 2046 dimittitur
633 2005 848 2057 puerulus
871 2017 973 2045 cum
1000 2002 1182 2051 lumine,
1210 2001 1354 2044 vicem
1374 2001 1523 2054 angeli
1542 2015 1723 2056 gerens,
1745 2008 1832 2043 tota

209 2064 444 2118 paradisus
470 2063 740 2113 incenditur,
768 2070 811 2104 et
836 2063 1084 2103 monachus
1108 2060 1289 2114 quidam
1311 2059 1395 2101 Dei
1426 2060 1571 2101 Patris
1600 2074 1830 2114 personam

207 2137 386 2177 gerens,
414 2137 501 2164 vna
524 2135 626 2162 cum
652 2121 801 2175 pueris
824 2128 920 2173 40¹,
947 2120 1022 2175 qui
1051 2119 1330 2161 diabolorum
1360 2119 1555 2173 agebant
1578 2119 1715 2173 vices,
1744 2127 1828 2161 tor-

208 2183 389 2225 rebatur
413 2190 460 2222 vt
484 2195 633 2234 capra.
662 2181 718 2221 Et
749 2180 856 2221 dum
889 2193 1045 2222 omnes
1068 2186 1275 2219 metuunt
1308 2178 1563 2219 incendium
1588 2177 1764 2229 inferni,
1789 2177 1830 2219 in

208 2255 297 2295 quo
331 2240 460 2281 multi
489 2245 617 2282 erant
648 2239 858 2293 pulueres
890 2237 1179 2291 tormentarii,
1212 2244 1257 2279 et
1287 2236 1488 2278 certatim
1514 2236 1635 2279 exire
1662 2237 1827 2288 volunt,

209 2300 337 2356 quasi
361 2300 417 2341 80
442 2298 646 2339 homines
676 2312 751 2352 per
782 2298 1085 2352 egressionem
1117 2295 1360 2350 compressi
1391 2304 1511 2338 sunt.
1547 2297 1734 2337 Factum
1767 2303 1830 2337 est

206 2373 312 2401 vero
335 2359 548 2400 damnum
572 2356 700 2410 quasi
722 2356 790 2398 bis
808 2356 926 2397 mille
944 2356 1228 2405 ducatorum,
1250 2362 1292 2396 et
1312 2354 1473 2409 ingens
1491 2355 1689 2397 omnium
1712 2355 1828 2409 plan-

205 2424 322 2471 ctus,
348 2417 456 2458 dum
480 2415 658 2470 plurimi
682 2414 848 2456 amicos
872 2429 976 2456 suos
1001 2422 1203 2455 mortuos
1221 2413 1554 2456 desiderabant.
1577 2414 1682 2456 Alio
1700 2413 1826 2456 etiam

206 2491 340 2526 anno,
368 2475 507 2518 veluti
524 2474 655 2516 simili
676 2475 822 2526 modo,
844 2473 1063 2515 diuinitus
1085 2472 1348 2527 impeditum
1372 2481 1439 2515 est
1461 2472 1717 2514 huiusmodi
1735 2486 1827 2527 spe-

206 2536 452 2577 ctaculum.

302 2607 352 2650 Io
375 2594 528 2643 huius,
555 2592 690 2633 vidua
713 2591 932 2645 quaedam
959 2592 1098 2632 Roma
1123 2590 1316 2644 fugiens,
1337 2590 1392 2632 ad
1410 2597 1491 2642 40¹
1510 2604 1686 2632 menses
1704 2588 1827 2632 nobis
1871 2638 1873 2650 ⁴

209 2653 383 2707 reliquit
407 2666 533 2693 suam
557 2651 742 2692 domum
766 2650 936 2703 absque
961 2649 1116 2703 pretio,
1152 2664 1230 2703 pro
1260 2663 1347 2702 qua
1377 2656 1533 2703 postea
1557 2658 1611 2702 50
1640 2661 1826 2690 coronae
1871 2659 1873 2694 ξ

208 2726 284 2765 per
307 2712 512 2766 singulos
534 2724 675 2751 annos
698 2709 947 2750 solueritur.
976 2709 1022 2749 Id
1044 2716 1195 2750 autem
1217 2708 1384 2749 factum
1404 2715 1471 2749 est
1489 2721 1628 2761 quum
1648 2707 1691 2749 in
1711 2707 1828 2762 prio-

207 2770 330 2812 ribus
353 2769 517 2811 nostris
540 2768 727 2810 aedibus
750 2767 881 2809 valde
903 2767 989 2807 iam
1014 2774 1303 2808 arctaremur.
1333 2767 1452 2808 Laus
1476 2768 1587 2809 Deo.

295 2841 345 2871 21
368 2828 503 2870 huius
529 2827 751 2869 mirabiles
773 2825 1031 2868 audiuimus
1054 2825 1203 2867 literas
1227 2824 1433 2871 Colonia:
1460 2825 1683 2867 mirabiles
1698 2824 1826 2866 etiarn
1870 2835 1871 2872 ς

208 2888 372 2930 Loreto
398 2899 451 2929 22
474 2886 626 2938 huius;
652 2886 794 2927 multo
817 2899 923 2927 vero
943 2884 1087 2938 magis
1106 2883 1329 2925 mirabiles
1347 2898 1402 2926 ex
1420 2883 1651 2926 Lusitania
1674 2883 1729 2926 26
1750 2884 1825 2924 hu·
1869 2890 1871 2922 ὲ

278 3017 287 3042 1
337 3017 614 3051 inchoabantur
635 3026 723 3059 ms„
742 3017 777 3049 et
796 3014 912 3059 infra
932 3013 1134 3048 inchoatus
1154 3018 1213 3047 est
1228 3016 1305 3059 pro
1324 3012 1535 3049 inchoavit.
