1891 3292
510 247 645 281 EPIST.
680 245 855 288 188.—24
882 246 1084 290 JANUARH
1115 245 1203 289 1573
1558 243 1626 278 233

43 361 86 396 et
121 351 386 400 animarum,
413 363 461 390 se
495 345 874 401 quemadmodum
906 347 1128 388 hactenus
1158 346 1281 399 fecit,
1314 345 1610 400 impenderet,
1637 343 1672 386 si

43 427 238 484 corporis
260 424 468 467 debilitas
491 437 582 465 non
606 424 823 474 obstaret3
851 422 933 463 fuit
956 422 1074 463 enim
1109 437 1133 463 a
1164 437 1317 466 mense
1343 422 1549 464 maximis
1572 435 1670 463 cru-

42 504 231 549 ciatibus
253 502 462 556 afflictus,
490 514 636 554 neque
666 499 857 540 multum
888 499 1033 539 abfuit
1068 513 1092 539 a
1127 499 1324 552 periculo
1355 498 1526 541 mortis.
1555 499 1668 540 Nam

43 596 141 625 cum
165 585 322 635 quarta
346 578 571 620 aduentus
601 576 841 630 dominica,
868 575 1219 619 concionaturus
1248 583 1518 630 suggestum
1553 583 1672 618 esset

42 659 124 702 sub
147 656 279 698 missa
302 668 653 703 conscensurus,
680 652 859 694 insolita
882 651 1065 707 spiritus
1089 652 1300 705 angustia
1331 653 1436 707 angi
1462 652 1595 706 cepit,
1625 659 1673 693 ut

43 735 202 778 sudore
226 732 435 788 perfusus
458 730 608 773 subito
631 731 687 772 ad
711 730 964 785 proximum
989 743 1224 770 scamnum
1249 729 1293 769 in
1318 729 1514 770 sacrario
1537 728 1672 771 decli-

43 820 180 860 naret,
207 817 341 863 atque
364 809 554 850 multum
579 807 830 862 ambigeret
854 821 960 848 num
985 821 1034 848 se
1057 805 1264 847 concioni
1296 806 1576 847 committere
1597 820 1671 846 au-

43 890 181 939 deret,
207 887 478 929 dehortante
501 884 725 939 praesenti
750 898 974 938 generoso
998 882 1177 935 comite,
1206 882 1282 936 qui
1307 882 1492 924 timebat
1518 897 1574 923 ne
1598 885 1674 925 he-

43 964 189 1009 reticis
212 961 514 1006 calumniandi
538 961 716 1003 occasio
740 961 993 1014 offerretur,
1021 959 1057 1002 si
1081 960 1321 1001 subitaneo
1345 959 1494 1013 aliquo
1517 959 1674 1001 morbo

42 1043 85 1084 in
119 1050 340 1096 suggestu
370 1039 687 1093 corriperetur.
719 1037 1026 1080 Nihilominus
1058 1045 1205 1079 tamen
1245 1050 1293 1079 se
1334 1037 1469 1077 Pater
1508 1037 1673 1078 recoli-

43 1133 171 1176 gens,
205 1117 454 1172 periculum
486 1117 634 1158 facere
664 1115 822 1164 uoluit,
855 1114 1212 1168 concionemque
1241 1113 1400 1154 habuit
1434 1113 1673 1162 horariam,

44 1204 163 1238 tanta
185 1203 331 1236 tamen
350 1192 690 1247 defatigatione,
715 1199 760 1233 ut
784 1192 966 1245 quando
984 1191 1040 1234 de
1058 1199 1283 1246 suggestu
1302 1191 1357 1232 ad
1376 1190 1558 1231 domurn
1580 1204 1673 1244 per-

47 1271 230 1325 uenerit,
264 1270 347 1312 sibi
379 1279 584 1311 constare
614 1283 706 1310 non
737 1268 948 1323 potuerit3
981 1268 1130 1310 fluxus
1159 1267 1278 1309 enim
1310 1267 1491 1321 quidam
1523 1267 1677 1321 grauis

43 1349 96 1392 ad
118 1350 288 1391 femora
316 1346 557 1397 ceciderat,
587 1345 662 1400 qui
691 1345 727 1387 si
762 1346 1022 1400 pulmonem
1054 1343 1297 1399 attigisset,
1337 1344 1472 1385 uitam
1508 1344 1679 1398 absque

43 1425 176 1468 dubio
198 1424 365 1466 iudicio
389 1423 549 1465 medici
571 1422 826 1477 eripuisset3
855 1436 1013 1477 passus
1036 1422 1169 1464 etiam
1197 1429 1352 1476 postea
1381 1435 1456 1476 per
1481 1421 1678 1462 triduum

42 1503 221 1544 infanda
245 1509 262 1526 ²
285 1508 511 1543 tormenta
529 1500 575 1541 in
595 1500 856 1551 femoribus;
882 1506 1034 1554 postea
1058 1500 1184 1541 dolor
1202 1499 1370 1554 aliquid
1391 1498 1578 1553 remisit,
1599 1499 1678 1540 sed

43 1594 130 1622 non
154 1578 375 1630 discessit,
402 1586 540 1632 atque
568 1577 686 1619 intra
716 1577 910 1632 parietes
942 1585 1031 1619 tres
1062 1576 1339 1631 septimanas
1369 1590 1417 1618 se
1447 1575 1680 1617 continere

43 1655 254 1712 oportuit,
280 1663 417 1709 atque
440 1655 484 1696 in
514 1655 634 1698 lecto
666 1662 1006 1710 vnguentorum
1037 1653 1345 1704 vnctionibus,
1372 1653 1544 1696 balneis
1567 1661 1676 1701 etc.‚

43 1747 218 1789 operam
243 1733 366 1785 dare;
393 1747 514 1775 nunc
538 1732 771 1787 egreditur
793 1732 1066 1786 quandoque
1089 1732 1146 1774 ad
1169 1731 1360 1781 vicinos;
1382 1731 1508 1772 dolor
1529 1739 1678 1774 tamen

42 1811 238 1853 nondum
264 1811 361 1852 uult
384 1810 561 1861 cedere,
587 1811 667 1852 sed
690 1810 839 1851 adhuc
864 1808 1049 1864 pristina
1071 1810 1169 1851 loca
1193 1816 1401 1863 occupat.
1430 1809 1676 1863 Speramus

43 1895 188 1930 autern
207 1887 408 1942 quotidie
432 1887 630 1929 meliora.
665 1886 866 1929 Adhibet
900 1886 1047 1928 adhuc
1078 1885 1268 1928 consilio
1298 1885 1578 1929 medicorum
1603 1900 1677 1928 va-

43 1964 107 2006 ria
125 1971 457 2020 vnguentorum
482 1978 667 2019 genera,
694 1963 928 2018 calidaque
951 1964 1112 2006 balnea
1130 1968 1221 2005 non
1241 1977 1356 2015 raro;
1384 1962 1680 2004 nihilominus

45 2049 191 2085 tamen
225 2040 392 2083 doloris
426 2042 648 2096 quaedam
684 2055 775 2083 non
808 2040 922 2084 leuis
946 2040 1182 2091 acerbitas,
1211 2048 1437 2094 tamquam
1462 2039 1679 2082 immensa

43 2118 258 2173 quaedam
284 2119 422 2160 moles
445 2120 548 2160 loco
573 2118 746 2161 moueri
770 2132 858 2160 non
885 2124 1052 2172 potest3
1074 2118 1195 2172 quod
1214 2132 1304 2159 non
1325 2118 1471 2160 solum
1490 2131 1574 2158 nos
1606 2117 1684 2159 sed

44 2201 86 2238 et
107 2195 190 2250 ipsi
214 2194 375 2238 medici
407 2194 640 2237 mirantur.
675 2196 1002 2238 Verumtamen
1035 2201 1212 2236 tantum
1244 2195 1379 2250 pollet
1414 2194 1602 2245 uiribus,
1637 2202 1685 2234 ut

44 2270 203 2315 iterum
229 2271 369 2327 possit
394 2271 660 2314 concionari
684 2280 727 2315 et
753 2271 929 2332 vicinos
953 2271 1167 2315 inuisere.
1201 2271 1440 2314 Dominica
1471 2270 1589 2313 enirn
1620 2270 1685 2312 in—

48 2348 108 2390 fra
151 2357 357 2391 octauam
403 2349 682 2404 Epiphaniae
725 2349 888 2392 iterum
929 2363 1094 2403 magna
1140 2348 1371 2391 hominum
1412 2347 1682 2402 frequentia,

0 2451 4 2456 r
45 2425 354 2480 praesentibus
378 2426 511 2468 etiam
536 2426 741 2481 pluribus
765 2426 1016 2468 lutheranis
1036 2426 1422 2481 praedicantibus,
1445 2425 1521 2481 qui
1543 2440 1597 2468 ex
1623 2424 1683 2466 vi-

43 2501 154 2544 cinis
175 2502 285 2545 locis
307 2504 398 2545 huc
420 2518 469 2546 se
494 2511 756 2558 receperant
780 2504 916 2558 (quod
940 2503 1145 2546 crebrius
1168 2503 1263 2545 fieri
1288 2504 1422 2555 solet)
1442 2502 1682 2545 conciona-

48 2585 116 2621 tus
138 2587 206 2622 est
228 2580 297 2622 bis
320 2581 480 2623 eodem
506 2580 595 2623 die.

132 2656 174 2698 6.
241 2658 453 2712 Querunt
485 2657 770 2713 predicantes
799 2658 1027 2701 lutherani
1054 2658 1222 2712 ubique
1251 2658 1501 2701 catholicos
1531 2671 1683 2700 sacer-

47 2732 171 2776 dotes
189 2734 474 2777 conuiciandi
493 2734 526 2787 b;
554 2749 657 2776 nam
682 2736 824 2777 factas
848 2742 1104 2777 nostrorum
1125 2735 1368 2777 conciones
1390 2734 1474 2788 aliq
1484 2748 1562 2776 uas
1580 2748 1687 2776 con-

48 2810 233 2866 scriptas
258 2811 302 2853 in
326 2813 473 2856 lucem
499 2812 756 2864 ediderunt,
784 2820 827 2855 et
859 2812 953 2854 suis
975 2812 1163 2855 scholiis
1194 2813 1511 2865 obscurarunt,
1547 2819 1595 2854 ut
1624 2811 1687 2854 sic

115 3005 132 3022 ²
181 2995 328 3031 infanta
355 3008 424 3031 τηε.
480 2998 546 3024 —b
581 2997 646 3032 Sic
668 3008 761 3032 ms‚.·
787 2998 889 3032 adde
916 2998 968 3031 sis
993 2998 1156 3032 verbum
1185 2997 1422 3042 occasiones,
1443 3001 1514 3032 aut
1532 2999 1689 3045 corrige

49 3054 335 3090 conviciandos.
