1891 3292
268 193 334 237 584
767 188 954 224 POLANCI
982 196 1300 224 COMPLEMENTA

219 295 303 335 bus
327 289 644 345 gubernatoris
671 288 876 337 loretani,
903 296 947 331 et
976 288 1300 354 approbatione
1330 288 1448 332 Rmi.
1479 288 1716 330 cardinalis
1744 303 1834 332 car-

220 351 368 407 pensis
391 348 657 403 protectoris
680 347 837 389 nostri.
860 347 991 389 Iussit
1013 347 1147 390 etiam
1171 347 1396 399 omnibus,
1421 362 1477 389 ne
1500 346 1600 401 quis
1618 347 1685 389 vel
1709 347 1838 390 mini-

218 425 290 451 mo
322 409 461 449 verbo
493 406 664 448 directe
700 407 769 448 vel
806 406 1027 449 indirecte
1064 406 1188 448 illum
1221 407 1276 448 ad
1317 405 1589 449 Societatem
1623 406 1831 449 adhorta-

219 476 362 511 retur.

304 538 331 578 4
355 524 522 578 Aprilis
540 522 663 564 venit
685 523 741 565 ad
758 522 998 577 collegium
1026 525 1188 566 Petrus
1212 523 1432 577 Rhegius.
1460 522 1627 564 Eodem
1651 522 1738 573 die,
1764 523 1838 577 qui

217 592 311 626 erat
337 582 487 636 vigilia
511 583 722 636 paschae,
749 581 792 622 in
817 583 864 624 S.
888 583 1057 624 Ioanne
1074 582 1344 624 lateranensi
1361 581 1594 623 ordinatus
1611 588 1679 622 est
1697 595 1836 624 sacer-

215 644 295 686 dos
314 640 607 684 Hieronimus
629 640 817 682 Rubiola
839 639 873 694 ¹¹,
900 648 945 683 et
967 641 1174 694 sequenti
1194 655 1296 682 mox
1315 640 1387 682 die
1406 639 1624 694 primitias
1641 636 1839 683 celebra'-

216 702 301 744 uit.
335 699 545 743 Ordinati
567 707 673 740 sunt
696 700 853 742 eodem
878 700 948 741 die
972 700 1015 740 in
1039 700 1341 741 subdiaconos
1365 700 1425 741 M.
1453 699 1723 740 Franciscus
1745 713 1835 741 me-

215 759 492 811 chliniensis,
521 759 708 800 loannes
735 758 900 808 Rhedt,
928 759 1224 800 Hermannus
1254 757 1529 799 nouisiensis
1558 764 1602 798 et
1629 759 1690 799 M.
1723 758 1838 800 Hur-

216 820 335 870 tado,
361 817 435 871 qui
461 829 484 870 7
514 817 714 859 eiusdem
744 817 938 866 diaconi,
965 824 1009 860 et
1031 832 1058 873 o
1080 818 1243 859 deinde
1266 817 1339 859 die
1362 817 1622 858 sacerdotes
1644 824 1750 857 sunt
1773 831 1838 858 or-

214 877 373 920 dinati.
413 875 674 918 Celebrauit
707 884 859 917 autem
906 876 1124 930 primitias
1163 878 1222 919 M.
1267 874 1538 918 Franciscus
1582 886 1630 916 12
1656 875 1839 929 Aprilis,

216 938 276 980 M.
305 936 513 978 Hurtado
537 945 608 987 25,
636 934 827 976 Ioannes
851 935 999 976 Rhed't
1021 949 1130 976 vero
1155 942 1198 977 et
1223 936 1515 977 Hermannus
1539 934 1594 974 26
1618 934 1837 977 eiusdem.

304 995 436 1037 Circa
465 1001 565 1036 12.¹¹¹
588 993 705 1035 diem
728 994 864 1035 huius
902 994 1069 1035 mensis
1097 994 1401 1036 intelleximus
1432 1006 1489 1035 ex
1520 992 1679 1034 litteris
1709 993 1761 1034 R.
1788 994 1837 1035 Ρ.

217 1055 390 1097 Natalis
427 1053 779 1107 quamplurimas
811 1053 1110 1094 eleemosinas
1144 1053 1284 1094 factas
1317 1066 1416 1095 esse
1451 1065 1496 1091 1n
1529 1050 1761 1105 Hispaniis
1789 1053 1870 1102 ad,

215 1112 392 1167 collegii
417 1111 592 1153 romani
615 1111 883 1162 subsidium,
910 1112 1030 1165 quod
1054 1126 1162 1153 sane
1185 1111 1353 1165 optime
1379 1112 1430 1151 R.
1467 1112 1517 1151 P.
1550 1110 1690 1150 nostri
1717 1111 1840 1165 lgna-

217 1172 266 1213 tii
283 1173 568 1213 sanctitatem
584 1170 856 1212 declarabat:
878 1171 1052 1212 dixerat
1067 1171 1186 1212 enim
1204 1170 1241 1211 is
1256 1169 1526 1224 quibusdam
1547 1168 1755 1210 Patribus
1769 1183 1842 1210 no-

215 1230 318 1273 stris
347 1230 466 1271 circa
503 1230 751 1272 Octobrem
790 1229 1100 1284 praeteritum:
1143 1230 1313 1272 Curate
1349 1228 1513 1280 solum,
1552 1236 1600 1268 vt
1630 1241 1708 1281 per
1744 1236 1844 1269 octo

216 1303 394 1331 menses
412 1296 692 1331 sustentetur
709 1288 968 1342 collegium,
988 1296 1031 1331 et
1050 1296 1145 1330 turn
1169 1288 1332 1330 deinde
1349 1287 1497 1328 omnia
1516 1300 1728 1341 prospera
1748 1301 1844 1341 pro-

216 1349 358 1391 mitto.
381 1348 567 1389 Dixerat
601 1361 781 1402 quoque
814 1347 1020 1401 Georgio
1045 1348 1178 1389 sardo
1211 1348 1267 1388 ad
1291 1346 1531 1400 collegium
1561 1359 1614 1387 eo
1644 1351 1847 1400 tempore

216 1406 432 1449 venienti:
459 1408 544 1448 Per
567 1414 671 1447 octo
694 1420 888 1457 menses,
920 1406 982 1447 fili
1018 1406 1092 1456 mi,
1117 1407 1286 1460 aliquid
1310 1406 1392 1449 erit
1416 1404 1742 1454 sufferendum,
1768 1404 1845 1447 sed

216 1475 310 1508 tum
334 1466 498 1508 deinde
521 1465 745 1507 Dominus
769 1465 1040 1520 prouidebit.
1070 1466 1187 1508 Ecce
1209 1479 1316 1507 vero
1334 1463 1585 1506 subsidium
1604 1470 1843 1517 antequam

212 1535 317 1567 octo
341 1539 521 1567 menses
544 1524 817 1578 expirarent.

308 1594 355 1637 15
382 1584 515 1626 huius
538 1584 703 1627 Senam
728 1584 892 1625 missus
914 1592 981 1624 est
1004 1582 1300 1625 Hieronimus
1324 1582 1515 1624 Rubiola
1532 1595 1618 1622 vna
1636 1595 1736 1622 cum
1758 1581 1846 1623 He-

216 1650 340 1685 ctore
369 1650 413 1685 et
446 1644 580 1684 Petro
606 1643 798 1697 Rhegio,
826 1650 873 1683 vt
903 1656 1022 1683 nouo
1045 1642 1167 1682 illhic
1192 1642 1385 1696 collegio
1409 1640 1679 1696 principium
1703 1640 1842 1682 daret.

216 1702 332 1744 Nam
356 1709 400 1744 et
423 1701 663 1744 cardinalis
685 1702 741 1743 de
766 1703 945 1754 Burgos
968 1709 1012 1743 et
1036 1708 1157 1742 totus
1180 1700 1253 1743 ille
1276 1701 1469 1755 populus
1498 1699 1659 1740 mirum
1691 1698 1734 1739 in
1759 1712 1849 1740 mo-

214 1761 320 1801 dum
357 1767 585 1802 exarserat
615 1760 659 1801 in
696 1736 939 1803 Societatis
967 1773 1165 1802 amorem
1190 1774 1271 1815 per
1300 1758 1539 1801 conciones
1573 1767 1617 1799 et
1660 1771 1846 1799 conuer-

214 1819 433 1862 sationem
474 1821 525 1861 R.
562 1820 612 1861 P.
653 1820 904 1862 Salmeron.
938 1819 1152 1862 Salutans
1195 1833 1302 1860 vero
1341 1817 1633 1860 Hieronimus
1673 1818 1847 1859 Patrem

214 1885 432 1930 nostrum,
468 1878 665 1919 monitus
697 1885 764 1921 est
787 1878 983 1933 seipsum
1010 1877 1279 1919 mortificare
1302 1877 1345 1918 in
1376 1875 1725 1919 conuersatione
1748 1889 1846 1916 cum

215 1936 329 1990 aliis,
357 1944 404 1978 vt
428 1937 482 1978 ad
506 1937 680 1978 illorum
705 1938 896 1978 salutern
920 1936 1006 1978 illis
1025 1951 1072 1978 se
1096 1937 1444 1979 acommodaret.

310 1996 359 2038 18
383 1996 518 2037 huius
542 1998 727 2038 Romam
748 1995 877 2037 rediit
897 2010 951 2037 ex
970 1996 1198 2050 legatione
1217 1995 1427 2050 polonica
1451 1996 1502 2036 R.
1522 1995 1572 2036 P.
1595 1994 1842 2037 Salmeron.

306 2066 327 2096 3
361 2055 432 2096 die
472 2054 592 2106 Maii,
629 2056 779 2097 laurea
814 2056 1077 2096 doctoratus
1106 2055 1149 2096 in
1182 2068 1310 2096 sacra
1340 2052 1568 2108 theologia
1605 2051 1848 2106 insignitus

212 2120 281 2156 est
304 2113 347 2155 in
372 2113 568 2167 collegio
604 2121 756 2155 nostro
791 2115 851 2157 M.
892 2115 1055 2155 Petrus
1088 2114 1339 2167 Scorigius,
1371 2112 1530 2155 iisdem
1561 2109 1843 2161 ceremoniis,
1890 2089 1891 2154 l

212 2172 382 2226 quibus
411 2180 455 2214 et
480 2171 570 2213 alii.

308 2243 353 2273 ΙΙ
384 2231 488 2273 Maii
512 2230 721 2273 abierunt
744 2230 981 2273 Coloniam
1007 2233 1068 2274 M.
1097 2231 1325 2273 Henricus
1349 2229 1611 2285 Dyonisius,
1635 2230 1696 2271 M.
1723 2229 1844 2269 Ioan-

213 2304 292 2332 nes
317 2290 478 2341 Rhedt,
502 2291 563 2332 M.
591 2289 859 2331 Franciscus
877 2290 1227 2340 mechliniensis,
1250 2290 1478 2332 Henricus
1501 2287 1787 2330 dinancensis
1804 2292 1847 2329 et

209 2349 483 2391 Guilielrnus
514 2349 810 2391 tornacensis.
841 2350 888 2390 In
925 2349 1085 2390 Billom
1111 2348 1119 2372 ³
1150 2351 1210 2392 M.
1239 2349 1468 2399 NicolauS,
1496 2349 1558 2390 M.
1586 2346 1847 2389 Leonardus

208 2407 476 2462 parmensis,
509 2409 571 2449 M.
604 2407 876 2450 Ludowicus
910 2407 1166 2459 leodiensis,
1207 2415 1251 2451 et
1290 2409 1574 2457 Lambertus;
1617 2407 1842 2455 Loretum,

212 2466 476 2509 Leonardus
505 2467 718 2509 sacerdos
747 2474 790 2508 et
822 2467 988 2508 Petrus
1017 2466 1279 2520 gandensis.
1309 2468 1414 2509 Duo
1437 2480 1542 2508 vero
1572 2464 1646 2506 alii
1670 2464 1713 2505 in
1742 2465 1844 2505 Bas·

211 2539 307 2567 san.
336 2525 767 2567 Communicauerat
790 2540 896 2568 vero
920 2539 973 2567 eo
997 2525 1069 2567 die
1088 2527 1151 2568 M.
1179 2525 1448 2568 Franciscus
1471 2524 1649 2566 circiter
1675 2536 1730 2576 30
1756 2523 1845 2563 fra-

211 2591 318 2634 tres,
345 2585 511 2638 quibus
534 2584 589 2626 ad
612 2585 832 2626 orandum
858 2597 937 2638 pro
965 2598 1030 2637 se,
1062 2584 1430 2626 communicandi
1454 2582 1683 2625 licentiam
1713 2582 1842 2635 impe-

212 2649 371 2684 trarat.

298 2713 354 2754 24
376 2702 511 2743 huius
536 2710 624 2744 tres
647 2708 871 2745 venerunt
897 2701 1091 2755 Vienna,
1125 2701 1200 2756 qui
1230 2703 1424 2745 aduersa
1447 2701 1587 2742 multa
1615 2700 1671 2741 ab
1695 2700 1844 2759 haere-

211 2759 311 2801 ticis
334 2760 627 2802 nuntiarunt.

299 2828 351 2871 25
378 2819 514 2861 huius
536 2819 841 2863 intelleximus
863 2819 1181 2874 patriarcham,
1209 2819 1284 2873 qui
1308 2819 1364 2861 ad
1386 2817 1692 2861 Presbiterum
1712 2817 1839 2857 Ioan—

250 3007 256 3012 .
281 2961 299 2985 h
350 2960 534 2994 Rouioels
554 2972 625 2995 ms.
647 2962 708 2995 lzic
726 2964 761 2995 et
779 2960 909 3006 infra.
963 2961 1020 2986 -ἰ
1048 2960 1199 3004 Bilgion
1219 2971 1305 3001 ms„
1328 2963 1363 2995 et
1385 2961 1499 3005 infra
1525 2971 1602 2994 non
1630 2958 1746 2994 semel
1771 2956 1843 2991 Bil—

216 3017 353 3051 gloen.
1426 3024 1428 3028 ν
