1891 3292
565 172 1041 211 EPHEiifflRiDEs.—-DEC.
1075 183 1161 219 1557
1566 179 1633 220 015

58 284 287 337 hyspanus
316 283 371 325 de
395 282 533 325 Malta
557 290 606 333 ee,
636 285 798 326 Petrus
823 286 1018 339 nomine,
1047 300 1186 341 nepos
1210 288 1408 343 episcopi
1438 289 1684 331 maltensis.

151 352 202 396 19
231 340 365 383 huius
395 341 548 383 habita
584 351 651 384 est
698 344 926 397 processio
959 346 1174 387 solemnis
1207 347 1262 389 V.
1300 348 1615 390 Eucharistiae
1644 348 1688 388 in

58 400 278 450 Minerua,
305 399 435 442 cuius
457 401 515 442 ob
537 415 719 442 causam
745 403 878 444 etiam
905 404 1125 446 maturius
1151 406 1361 448 inchoata
1385 415 1429 449 et
1458 407 1615 449 concio
1646 406 1690 448 in

59 459 249 504 ecclesia
274 465 442 502 nostra.
616 497 619 498 γ

144 517 243 559 Istis
266 517 426 560 diebus
444 517 693 560 mirabilem
716 522 986 563 ostendebat
1018 522 1303 565 obedientiae
1341 523 1691 581 pro[m]ptitudi-

58 591 159 620 nem
183 584 227 618 et
257 577 614 632 resignationem
646 579 698 620 R.
741 580 789 620 P.
827 580 1065 622 Cornelius
1089 582 1133 621 in
1164 582 1298 624 rebus
1332 584 1496 637 alioqui
1520 583 1692 637 grauis—

59 650 198 679 simis.

146 706 203 736 20
221 694 372 746 huius,
398 694 541 750 pridie
561 696 607 738 S.
632 697 846 748 Thomae,
870 696 1149 740 intermissae
1172 708 1277 740 sunt
1295 699 1511 743 lectiones
1535 700 1578 741 in
1603 700 1689 742 col-

60 754 179 809 legio
203 768 346 807 usque
369 754 428 795 ad
454 767 475 807 3
500 754 712 805 Ianuarii,
743 756 927 798 fauente
957 756 1166 799 Domino·

147 825 198 855 21
227 807 377 865 huius,
402 813 479 868 qui
502 821 597 856 erat
622 815 786 855 festum
816 816 970 858 Sancti
997 816 1197 857 Thomae
1220 817 1425 871 apostoli,
1459 817 1584 871 coepi
1617 831 1690 858 au-

57 871 151 915 dire
180 873 491 916 confessiones
515 873 558 914 iri
583 872 790 927 ecclesia,
818 875 873 915 ad
899 874 981 915 Dei
1011 875 1214 928 gloriam.
1249 878 1358 918 Item
1384 876 1511 931 coepi
1542 877 1694 931 legere

57 945 159 974 cum
187 933 238 973 P.
265 932 511 974 Laurentio
533 932 668 974 vitam
694 934 747 975 R.
777 935 828 975 P.
855 933 992 974 nostri
1021 934 1195 988 Ignatii.

147 1002 200 1032 22
225 991 376 1043 huius,
398 991 577 1046 publica
596 992 820 1034 sententia
843 991 1204 1034 animaduersum
1230 1002 1295 1035 est
1320 995 1503 1047 Romae,
1531 993 1684 1035 iuben—

60 1057 103 1093 te
132 1050 361 1105 pontifice,
387 1051 431 1092 in
457 1062 481 1102 7
511 1051 757 1093 sodomitas
784 1066 974 1105 quorum
1007 1052 1205 1105 quinque
1233 1060 1358 1094 erant
1389 1053 1469 1094 viri
1501 1061 1544 1096 et
1573 1054 1688 1095 duae

60 1109 295 1153 foeminae.
323 1110 518 1165 iugulati
544 1110 683 1165 prius,
710 1110 873 1153 deinde
896 1110 1003 1165 igne
1025 1111 1208 1153 cremati
1228 1118 1333 1152 sunt
1357 1112 1412 1153 ad
1434 1113 1686 1166 exemplum

57 1176 103 1212 et
127 1175 344 1211 terrorem
368 1169 587 1212 omnium.
923 1207 926 1209 ,
1228 1173 1233 1178 ’

147 1228 408 1282 Coeperunt
427 1230 602 1279 fratres,
624 1228 668 1270 iri
693 1228 786 1271 suis
810 1227 1028 1271 classibus
1052 1229 1232 1283 singuli,
1258 1241 1491 1283 praesente
1513 1229 1688 1270 illorum

62 1287 294 1341 magistro,
323 1289 557 1343 disputare
586 1295 631 1330 et
654 1303 906 1343 proponere
930 1302 1011 1329 sua
1041 1289 1175 1329 dubia
1199 1302 1336 1342 super
1359 1289 1411 1329 iis
1440 1302 1554 1341 quae
1578 1290 1686 1330 hac-

61 1353 193 1388 tenus
216 1347 477 1400 audierunt,
505 1348 560 1389 ad
585 1348 770 1402 primam
794 1349 949 1388 horam
975 1347 1135 1389 noctis.

150 1417 203 1459 23
235 1406 369 1448 huius
398 1407 707 1450 intelleximus.
731 1408 786 1449 de
817 1414 962 1449 morte
991 1408 1167 1448 Ioannis
1197 1407 1251 1448 de
1281 1406 1409 1460 Tilia,
1443 1405 1518 1459 qui
1550 1409 1692 1447 fuerat

61 1464 209 1506 socius
233 1480 360 1508 meus
383 1465 427 1508 iri
453 1466 611 1509 itinere
636 1481 835 1509 romano,
870 1467 1076 1508 Mortuus
1105 1473 1170 1507 est
1201 1480 1302 1507 cum
1333 1466 1525 1519 quodam
1558 1466 1693 1507 fratre

60 1524 226 1577 Loreti‚
264 1533 308 1567 et
341 1539 450 1567 sane
482 1525 716 1579 foeliciter,
754 1525 858 1579 quia
891 1539 944 1579 30
978 1540 1079 1566 mox
1112 1524 1183 1567 die
1217 1533 1452 1579 postquam
1487 1531 1694 1578 receptus

60 1593 178 1625 esset
216 1584 377 1626 iterum
416 1584 465 1626 iri
501 1585 791 1635 Societatem,
827 1599 881 1627 ex
916 1584 1099 1626 seruitio
1134 1583 1400 1625 xenodochii
1435 1583 1694 1625 infirmitate

63 1651 295 1697 correptus
318 1651 402 1695 est,
429 1658 485 1686 ex
508 1659 596 1699 qua
619 1653 824 1687 mortuus
848 1652 931 1686 est:
959 1644 1210 1697 requiescat
1232 1643 1276 1685 in
1296 1656 1405 1698 pace
1423 1649 1577 1685 sancta
1601 1641 1695 1684 eius

6 1711 12 1718 ‘
62 1701 224 1744 anima.

153 1762 208 1803 26
231 1762 366 1804 huius
389 1762 549 1804 habuit
573 1762 860 1819 oratio[nem]
886 1762 931 1803 in
960 1762 1124 1804 sacello
1155 1761 1377 1817 pontificis
1409 1762 1459 1804 P.
1497 1760 1697 1815 Baptista

69 1821 311 1873 Peruscus;
338 1829 382 1864 et
407 1822 588 1864 iuerunt
611 1823 723 1874 Leo,
751 1822 954 1877 germani
979 1829 1023 1864 et
1047 1822 1187 1876 pueri.

152 1881 231 1922 Illo
254 1895 361 1923 vero
385 1882 458 1924 die
481 1882 555 1937 qui
579 1878 673 1924 erat
698 1883 860 1925 festum
886 1882 934 1925 S.
961 1881 1195 1935 Stephani,
1223 1886 1267 1921 et
1291 1879 1491 1935 proxime
1520 1891 1696 1934 praece-

64 1938 208 1991 denti,
252 1941 380 1983 multi
419 1941 583 1996 passim
624 1955 702 1996 per
739 1949 918 1983 nostros
957 1939 1278 1982 communicati
1315 1945 1420 1981 sunt
1464 1939 1509 1979 iri
1548 1950 1696 1979 carce-

64 1997 202 2046 ribus.

153 2059 294 2101 Feriis
324 2059 538 2102 natalitiis
561 2060 688 2103 valde
720 2068 814 2102 erat
849 2060 1061 2114 frequens
1095 2056 1404 2114 auditor[i]um
1434 2056 1478 2098 in
1512 2056 1700 2098 ecclesia

66 2125 217 2160 nostra
240 2119 286 2159 in
309 2119 528 2163 concione
550 2127 594 2162 et
618 2120 825 2162 lectione.
848 2119 1054 2162 Aderant
1072 2118 1205 2159 modo
1224 2124 1328 2167 tres,
1350 2117 1482 2158 modo
1505 2123 1587 2168 4⁰¹
1607 2129 1698 2157 car-

67 2175 254 2220 dinales.

158 2248 212 2290 27
237 2237 372 2279 huius
396 2252 451 2280 ex
474 2244 695 2293 suggesto
720 2237 1057 2280 commendauit
1087 2238 1138 2279 R.
1176 2237 1225 2278 P.
1259 2234 1454 2277 vicarius
1484 2246 1702 2289 pauperes

67 2295 144 2349 qui
169 2304 275 2338 sunt
299 2296 343 2338 in
369 2311 552 2341 carcere
575 2312 691 2351 quae
715 2306 783 2341 est
806 2298 852 2338 in
875 2303 998 2339 corte
1022 2296 1217 2339 Sauella.

158 2356 260 2398 Istis
284 2357 446 2398 diebus
468 2357 634 2412 agebat
657 2356 898 2399 cardinalis
920 2356 976 2398 de
999 2355 1149 2409 Carpi,
1176 2361 1219 2395 et
1243 2354 1493 2395 monachus
1523 2350 1702 2415 quidam

71 2427 125 2456 ex
148 2415 307 2458 ordine
331 2417 379 2459 S.
407 2417 640 2458 Francisci
663 2417 720 2457 de
745 2417 902 2468 Paula,
927 2430 1030 2457 cum
1047 2413 1354 2469 superioribus
1378 2411 1635 2460 Societatis,
1656 2416 1703 2450 vt

72 2474 214 2527 possit
239 2475 432 2529 priorem
456 2477 686 2518 obsessam
710 2476 950 2518 coniurare
974 2476 1026 2516 R.
1056 2474 1106 2515 Ρ.
1133 2472 1385 2514 Cornelius.
1669 2525 1676 2532 ·

161 2534 215 2576 28
239 2536 376 2577 huius
399 2535 546 2590 coepit
571 2537 624 2579 R.
654 2536 705 2577 P.
738 2535 913 2577 Natalis
942 2532 1292 2581 exhortationes,
1325 2544 1404 2585 pro
1432 2526 1704 2571 renouandis

72 2592 189 2634 votis
214 2593 311 2648 ipso
335 2594 406 2637 die
431 2594 812 2637 Circumcisionis.
839 2595 1167 2636 Conuenerunt
1197 2591 1331 2633 etiam
1361 2602 1516 2630 omnes
1546 2587 1705 2650 fratres

71 2651 265 2707 collegii.
294 2655 531 2697 Venerunt
555 2654 611 2696 ad
633 2654 876 2709 collegium
909 2660 1101 2705 quatuor
1131 2653 1306 2699 fratres,
1338 2648 1452 2689 inter
1481 2660 1592 2700 quos
1622 2645 1705 2685 fuit

76 2711 368 2754 Adalbertus.
398 2714 577 2756 Allatae
600 2720 706 2755 sunt
734 2713 866 2755 etiam
898 2710 1151 2753 wormatia
1179 2708 1334 2750 literae
1364 2708 1416 2749 R.
1452 2708 1502 2748 P.
1536 2704 1705 2769 Saline-

74 2783 169 2822 ron,
203 2771 248 2812 in
281 2772 446 2826 quibus
474 2772 771 2815 nuntiabatur
801 2774 853 2814 R.
890 2773 939 2813 P.
972 2769 1225 2812 Adrianum
1254 2766 1480 2821 appulisse
1510 2764 1705 2830 peditem

74 2827 370 2874 Wormatiam
397 2843 451 2874 20
474 2832 764 2885 Nouembris,
792 2845 881 2872 vna
903 2844 1005 2871 cuin
1037 2830 1267 2881 MarqueZ.
1300 2825 1477 2868 Allatae
1505 2822 1706 2865 Similiter

75 2898 181 2931 sunt
203 2890 359 2933 literae
382 2891 685 2934 colonienses.

145 3031 180 3048 ee
232 2997 346 3057 Malla
367 3034 438 3059 ms.
