1891 3292
259 185 328 228 656
756 183 946 217 POLANCI
974 191 1295 217 COMPLEMENTA

212 286 366 327 tudine
388 283 520 326 etiam
544 290 611 325 est
634 282 865 325 liberatus.
894 283 1106 326 Eiusdem
1139 283 1284 324 Patris
1308 284 1541 338 diligentia
1564 285 1735 340 aliquot
1763 288 1832 330 alii
1890 302 1891 311 ¹

213 344 347 387 etiam
372 342 596 384 sarraceni
621 342 678 394 acl
702 342 835 384 fidem
862 350 967 383 sunt
990 342 1220 384 conuersi.
1890 340 1891 350 ¹

299 412 370 453 77.
438 401 669 443 Montlllae
687 401 822 442 aedes
840 401 1031 455 collegio
1049 409 1204 442 nostro
1229 400 1402 442 vicinae
1426 409 1709 455 comparatae
1733 413 1834 446 sunt

210 461 253 501 in
276 473 403 501 vsum
427 473 582 501 eorum
606 458 681 512 qui
711 459 944 502 doctrinae
973 460 1116 513 gratia
1146 474 1199 501 eo
1228 460 1531 513 confluebant,
1556 461 1627 501 vbi
1659 462 1833 515 plurimi
1890 457 1891 460 ¹

210 518 407 569 admissi,
433 525 600 559 octauo
623 531 805 572 quoque
833 518 905 560 die
933 525 1226 566 sacramenta,
1249 519 1552 571 frequentant,
1578 526 1622 560 et
1650 521 1835 564 caeteris

211 577 389 618 virtutis
407 576 634 630 exemplar
656 590 705 618 se
729 578 960 630 praebent.

299 636 369 688 78.
435 636 482 676 In
506 634 700 689 collegio
722 636 779 678 de
801 635 1091 691 Trig[u]eros
1116 649 1358 689 puerorum
1382 635 1608 677 institutio
1632 635 1677 678 in
1702 637 1841 691 pieta:

212 702 253 736 te
276 709 326 736 ac
349 694 509 736 litteris
532 694 745 748 egregios
775 695 952 736 fructus
974 693 1187 745 ostendit3
1214 701 1257 735 et
1286 695 1340 735 ad
1366 695 1583 748 populum
1612 697 1834 749 praedica-

211 754 271 795 tio
293 753 335 794 in
360 752 509 794 vicino
530 752 697 807 oppido
718 753 888 807 insigni
911 753 967 796 de
996 753 1179 795 Huelua
1209 754 1402 794 abusum
1432 753 1617 794 abstulit
1641 768 1731 795 non
1749 757 1835 798 exi-

210 827 368 867 guum,
397 812 645 865 puellarum
667 812 839 853 scilicet
861 812 916 854 ad
940 812 1156 866 templum
1182 826 1271 852 non
1291 812 1677 866 deducendarum,
1697 814 1837 857 donec

211 870 490 913 matrimonio
512 870 620 911 viris
642 872 979 925 copularentur,
1001 879 1045 912 et
1068 870 1305 912 viduarum
1323 885 1374 912 ac
1398 871 1622 925 sanguine
1640 885 1743 914 cum
1766 874 1836 917 de-

210 930 375 971 functis
399 930 671 981 iunctarum,
694 944 809 982 quae
828 945 905 985 per
923 944 1061 971 vnum
1079 937 1123 970 et
1146 930 1336 972 alterum
1360 944 1528 971 annum
1552 931 1608 971 ab
1632 930 1837 984 ingressu

207 989 424 1031 ecclesiae
448 988 753 1042 abstinebant,
780 990 905 1031 nulla
924 989 1161 1031 missarum
1179 996 1223 1030 et
1245 988 1514 1030 concionum
1533 989 1685 1031 habita
1709 991 1836 1032 ratio-

210 1062 279 1095 ne:
307 1055 350 1089 et
372 1062 426 1089 ex
450 1061 503 1088 eo
527 1054 744 1100 vtraeque
768 1049 986 1102 templum
1012 1049 1375 1101 frequentarunt.
1405 1049 1451 1088 ln
1481 1048 1577 1102 ipso
1600 1048 1764 1103 oppido
1785 1049 1838 1092 de

209 1107 471 1160 Trigueros,
498 1106 754 1149 aedificium
781 1107 951 1161 templi,
979 1108 1099 1160 quod
1124 1106 1245 1160 prius
1270 1106 1535 1148 fabricatum
1559 1116 1670 1160 erat,
1697 1107 1741 1148 in
1767 1109 1836 1150 tri—

208 1166 391 1207 clinium
422 1180 472 1206 ac
499 1173 669 1218 partem
700 1166 861 1207 domus
890 1173 958 1207 est
995 1179 1286 1215 conuersum,
1319 1177 1363 1206 vt
1391 1165 1436 1206 in
1466 1166 1686 1207 nobiliore
1718 1175 1838 1221 parte

207 1224 375 1278 oppidi,
412 1232 456 1266 et
487 1225 738 1266 fundatoris
768 1225 903 1266 domo
932 1224 1097 1277 vicina,
1130 1238 1300 1265 nouum
1332 1225 1544 1278 templum
1574 1225 1834 1269 aedificare—

210 1291 295 1336 tur,
322 1283 442 1337 quod
465 1282 666 1324 eiusdem
692 1284 942 1325 fundatoris
965 1298 1017 1325 ac
1041 1283 1281 1337 praecipue
1304 1283 1562 1325 comitissae
1585 1285 1640 1326 de
1663 1285 1838 1327 Nebula

210 1342 475 1383 liberalitate
499 1350 679 1396 ceptum
705 1349 788 1384 est.

299 1412 369 1456 79.
439 1402 676 1443 Messanae
699 1409 871 1443 rectore
897 1403 949 1443 P.
975 1400 1192 1452 Victoria,
1219 1401 1379 1442 domus
1403 1401 1690 1454 probationis,
1715 1401 1835 1445 iuxta

212 1461 397 1500 formam
424 1474 637 1501 romanae
660 1460 862 1502 instituta
883 1468 967 1510 est3
994 1467 1038 1501 et
1068 1461 1325 1514 praefectus
1361 1461 1409 1502 P.
1437 1460 1637 1502 Didacus
1661 1461 1836 1502 Xuarez

210 1518 343 1560 alicui
369 1518 645 1560 nouitiorum
671 1533 859 1561 nurnero
884 1519 1049 1561 ibidem
1075 1519 1338 1560 constituto.

300 1578 369 1618 80.
436 1578 636 1620 Catanae
668 1578 711 1619 in
746 1579 938 1632 collegio
971 1587 1124 1619 nostro
1161 1591 1320 1619 cursus
1354 1577 1517 1618 artium
1556 1577 1730 1619 institui
1768 1591 1834 1621 ce-

211 1644 328 1690 ptus,
357 1636 566 1690 priuatim
591 1645 759 1688 tamen,
785 1651 888 1678 curn
913 1637 1090 1691 publice
1107 1638 1265 1679 eodem
1291 1644 1492 1690 tempore
1512 1639 1748 1679 Messanae
1771 1651 1836 1680 es-

210 1702 278 1737 set
302 1695 553 1738 institutus.

297 1755 367 1796 81.
437 1755 530 1796 Rex
554 1754 802 1796 catholicus
827 1754 1079 1808 Philippus,
1107 1753 1181 1807 qui
1213 1754 1489 1796 messanensi
1519 1754 1712 1808 collegio
1736 1755 1835 1796 aba·

209 1812 311 1854 tiam
339 1813 564 1866 pollicitus
589 1815 746 1864 fuerat,
767 1813 807 1856 ei
825 1813 1014 1854 similem
1035 1827 1167 1867 quam
1187 1813 1377 1855 Carolus
1402 1814 1439 1853 V
1459 1813 1556 1855 eius
1581 1823 1704 1866 pater
1730 1827 1834 1866 pan-

208 1872 461 1913 hormitano
485 1873 678 1927 collegio
702 1871 815 1913 vniri
847 1872 1054 1925 iusserat,
1081 1872 1305 1913 concessit
1334 1879 1381 1912 vt
1410 1873 1516 1913 dum
1544 1871 1642 1913 talis
1666 1871 1835 1914 inueni-

211 1942 330 1973 retur
353 1931 516 1982 abatia,
543 1932 736 1986 collegio
761 1930 1036 1972 messanensi
1063 1931 1263 1973 redditus
1295 1932 1504 1984 aequales
1533 1931 1713 1973 aliunde
1739 1945 1834 1985 per—

208 1990 512 2032 soluerentur.

296 2048 366 2090 82.
437 2050 485 2091 P.
515 2049 709 2091 Michael
734 2049 788 2089 de
814 2048 993 2090 Bairros
1018 2049 1250 2102 professus
1273 2061 1300 2101 4
1325 2055 1549 2103 votorum,
1578 2049 1621 2090 in
1650 2048 1838 2103 collegio

209 2107 521 2149 braccharensi
550 2119 573 2160 7
603 2108 674 2149 die
705 2107 907 2161 Augusti
941 2107 1057 2148 diem
1087 2107 1197 2148 obiit
1232 2117 1498 2149 extremum:
1540 2107 1608 2148 vir
1637 2109 1839 2149 doctrina

207 2173 250 2206 et
275 2167 439 2219 pietate
462 2167 753 2221 conspicuus,
786 2174 829 2209 et
857 2181 913 2208 ex
944 2166 1096 2219 primis
1126 2166 1202 2219 qui
1234 2166 1277 2207 in
1308 2167 1539 2208 Lusitania
1567 2167 1838 2210 Societatem

206 2231 301 2265 erat
323 2224 573 2279 ingressus.
600 2226 740 2267 Paulo
764 2233 870 2267 ante
889 2224 1105 2266 iubileum
1126 2234 1399 2266 consecutus
1418 2234 1529 2276 erat,
1552 2233 1595 2266 et
1620 2239 1721 2267 cum
1742 2240 1835 2280 gra-

208 2297 286 2325 ues
311 2284 586 2325 tentationes
608 2285 664 2327 de
693 2284 943 2325 diffidentia
967 2283 1167 2325 vicisset.

296 2342 365 2395 83.
434 2344 535 2384 Hoc
558 2344 655 2398 ipso
678 2350 897 2384 autumno
916 2356 1017 2383 cum
1040 2342 1275 2383 incomode
1295 2343 1534 2384 admodum
1560 2344 1741 2386 cederet
1762 2344 1839 2386 So-

206 2400 356 2442 cietati
381 2409 560 2444 nostrae
583 2402 931 2443 conimbricensi
956 2402 999 2442 in
1030 2402 1209 2442 duobus
1232 2401 1448 2443 seiunctis
1473 2402 1692 2456 collegiis,
1714 2415 1839 2456 supe-

206 2459 312 2500 riori
331 2460 504 2502 scilicet
522 2469 565 2505 et
583 2461 801 2510 inferiori,
818 2461 938 2514 quod
964 2461 1142 2501 Artium
1168 2461 1394 2502 vocabant
1421 2462 1489 2502 vel
1510 2462 1702 2515 Regium
1732 2465 1834 2515 (ma-

206 2532 297 2571 gno
315 2519 495 2572 quidem
519 2528 719 2574 sumptu,
741 2520 818 2561 sed
838 2521 935 2560 loco
959 2519 1175 2560 insalubri
1195 2520 1484 2573 extructum),
1506 2520 1724 2570 habitare,
1745 2533 1815 2560 mo

206 2577 311 2617 dum
332 2592 598 2631 persuauem
615 2579 711 2620 eius
729 2578 956 2619 incomodi
973 2577 1173 2620 euitandi
1188 2578 1341 2618 diuina
1360 2578 1523 2620 obtulit
1543 2578 1834 2632 prouidentia.

207 2637 319 2677 Nam
344 2651 445 2678 cum
470 2638 723 2688 cardinalis,
745 2640 873 2691 regni
898 2636 1522 2691 gubernator,Conimbricae
1541 2636 1839 2691 inquisitionis

206 2695 399 2736 officium
426 2711 525 2739 esse
548 2697 919 2738 constituendum
943 2696 1238 2747 decreuisset,
1263 2703 1307 2736 et
1339 2697 1393 2736 ad
1422 2695 1465 2736 id
1495 2697 1656 2737 domus
1680 2696 1838 2738 idonea

207 2753 301 2794 sine
332 2755 526 2796 maximo
558 2763 741 2810 sumptu
772 2754 996 2796 aedificari
1027 2769 1115 2795 non
1147 2763 1312 2808 posset,
1339 2755 1394 2796 de
1423 2755 1615 2808 collegio
1646 2755 1771 2809 regio
1801 2754 1839 2795 ei

208 2812 248 2851 in
274 2821 469 2855 mentem
502 2815 640 2865 venit,
674 2823 717 2857 et
747 2828 848 2855 cum
880 2813 1020 2854 nostri
1055 2813 1093 2853 ei
1130 2812 1257 2855 facile
1288 2812 1642 2866 acquiescerent,
1676 2812 1838 2868 publici

209 2871 312 2911 boni
335 2873 495 2925 gratia,
523 2888 601 2927 pro
626 2887 790 2927 magno
809 2874 928 2914 dono
952 2872 996 2913 id
1018 2879 1085 2913 est
1110 2871 1331 2921 habitum,
1356 2878 1401 2914 et
1424 2886 1480 2914 ex
1510 2872 1683 2914 aerario
1714 2871 1835 2926 regio

208 2944 429 2983 expensae
453 2932 734 2974 necessariae
759 2932 814 2973 ad
837 2931 944 2972 alias
967 2931 1147 2972 scholas
1176 2930 1395 2984 superiori
1426 2931 1619 2985 collegio
1650 2931 1833 2972 coniun-

208 2996 301 3030 ctas
324 2991 595 3033 extruendas
619 2998 724 3032 sunt
748 2991 941 3033 oblatae.
