1891 3292
229 194 298 229 510
720 182 903 217 POLANCI
932 190 1245 217 COMPLEMENTA

179 294 411 340 sequente,
439 285 474 325 ci
502 284 790 339 partiremrno
813 296 898 324 con
930 282 1082 324 l'aiuto
1111 283 1155 324 di
1186 283 1271 325 Dio
1302 298 1376 338 per
1408 283 1598 337 Biuona,
1623 289 1666 325 et
1697 283 1798 325 riui-

180 372 246 405 ste
270 364 309 405 le
333 376 434 403 cose
457 361 500 401 di
525 361 624 414 quel
651 359 843 414 collegio
876 366 919 402 et
951 366 1131 401 trattato
1162 361 1263 414 quel
1294 362 1377 403 che
1405 361 1621 403 accadera
1644 374 1726 401 con
1760 361 1799 403 la

182 438 365 493 signora
389 439 609 478 duchessa
633 437 784 490 (quale
807 450 884 490 per
914 436 1017 489 quel
1048 443 1197 491 tempo
1226 436 1261 478 si
1294 451 1423 491 spera
1455 437 1490 477 si
1521 438 1754 478 accostera
1777 451 1800 478 a

149 506 151 513 ¹
182 516 355 557 Biuona
378 515 421 555 in
449 529 534 556 una
560 521 676 555 terra
699 513 836 554 molto
860 512 1028 565 uiciua)
1052 526 1102 555 ce
1126 514 1415 555 n'anderemo
1441 528 1516 568 per
1541 520 1667 555 tener
1690 513 1799 566 que-

181 599 248 634 ste
274 593 383 634 feste
406 591 450 631 in
470 589 678 632 Catania.

266 668 307 711 3.
374 667 570 709 Vn'isola
593 665 636 707 di
660 679 762 708 case
785 665 820 708 si
846 672 973 708 troua
996 680 1118 710 esser
1136 666 1231 709 iure
1256 666 1539 722 proprietatis
1563 666 1798 708 dell'abba·

182 746 238 787 tia
264 745 387 786 unita
410 760 432 786 a
457 750 616 798 questo
635 743 842 799 collegi03
869 751 912 785 et
935 744 1094 786 alcune
1118 758 1219 787 case
1243 744 1286 785 in
1311 745 1436 787 detto
1460 746 1544 786 sito
1569 743 1797 799 fabricate,

179 838 254 877 per
278 822 409 864 esser'
433 827 548 862 state
573 821 771 863 uendute
790 835 924 863 senza
943 821 1139 876 guardar
1162 822 1190 862 11
1216 821 1327 877 patti
1345 820 1671 876 emphiteotici,
1692 836 1801 864 sono

180 900 422 942 realmente
446 898 658 940 deuolute
681 912 706 939 a
729 904 888 952 questo
919 898 1132 953 collegio.
1160 899 1219 942 Se
1250 913 1274 940 a
1304 899 1360 941 V.
1389 900 1440 940 Ρ.
1468 898 1622 953 parer&
1654 898 1731 940 dar
1754 898 1800 939 11-

178 976 323 1018 centia
347 977 429 1017 che
448 989 523 1030 per
549 975 620 1017 uia
643 975 758 1018 della
782 974 970 1029 ragione
993 974 1029 1016 si
1054 975 1343 1027 domandino,
1370 975 1406 1017 si
1437 976 1545 1027 fara,
1571 982 1615 1017 et
1639 975 1676 1016 si
1700 990 1798 1018 use-

180 1053 225 1094 rii
251 1054 394 1094 anche
419 1053 457 1094 la
481 1051 631 1106 equita
657 1051 956 1094 conueniente
980 1067 1057 1107 per
1081 1067 1171 1094 non
1196 1053 1259 1094 far
1288 1059 1418 1108 tropo
1449 1053 1598 1094 danno
1621 1067 1646 1094 a
1668 1053 1801 1107 quelli

177 1132 260 1172 che
285 1130 326 1171 ui
345 1144 471 1183 sono,
498 1129 807 1171 auinentando
838 1143 897 1170 un
931 1143 1044 1184 poco
1073 1129 1103 1171 il
1131 1143 1267 1171 censo
1299 1144 1388 1171 non
1423 1136 1606 1184 pagato,
1633 1144 1659 1171 o
1688 1129 1800 1172 simil

177 1207 324 1257 modo,
351 1220 477 1248 come
502 1206 688 1247 intendo
712 1206 799 1247 che
823 1206 864 1247 lo
896 1220 1038 1247 usano
1068 1206 1097 1247 li
1131 1206 1263 1248 Padri
1292 1206 1337 1247 di
1371 1214 1502 1248 santo
1533 1207 1798 1261 Benedetto‚

176 1284 355 1339 quando
378 1283 493 1325 simil
523 1283 613 1324 casi
636 1297 901 1325 occorrono.
936 1284 1037 1325 Non
1062 1285 1121 1324 ho
1151 1284 1256 1325 dato
1286 1283 1456 1326 licenza
1485 1283 1528 1324 di
1558 1283 1801 1325 domandar

176 1376 252 1416 per
276 1360 471 1416 ragione,
499 1368 607 1414 etc.,
635 1360 799 1415 perche
823 1361 865 1402 lo
890 1360 1145 1415 prohibisce
1164 1360 1193 1402 il
1211 1361 1396 1404 decreto
1418 1361 1534 1404 della
1552 1374 1799 1416 congrega-

177 1438 313 1489 tione,
341 1444 427 1481 ete.
887 1491 891 1497 ἱ

260 1530 300 1571 o.
364 1514 622 1556 Habbiamo
639 1514 913 1556 domandato
933 1515 973 1556 al
996 1515 1151 1569 signor
1170 1515 1286 1557 duca
1305 1515 1644 1570 luogotenente‚
1667 1515 1705 1556 ci
1729 1515 1799 1557 dia

173 1607 260 1634 una
284 1600 463 1647 patente
488 1606 564 1646 per
589 1598 715 1646 poter
737 1592 875 1633 andar
907 1606 982 1646 per
1012 1592 1041 1632 il
1072 1605 1226 1647 regno,
1253 1606 1342 1633 non
1373 1592 1540 1633 ostanti
1563 1592 1708 1646 questi
1733 1607 1797 1634 ro-

173 1669 284 1711 mori
308 1669 351 1711 di
377 1676 519 1724 peste,
548 1684 626 1724 per
650 1668 679 1710 11
703 1668 820 1723 quali
845 1683 933 1710 non
960 1668 996 1710 si
1024 1668 1079 1709 (151
1112 1670 1308 1710 anchora
1340 1670 1380 1711 la
1410 1669 1597 1724 prattica
1627 1669 1671 1710 in
1701 1669 1798 1711 altri

141 1760 144 1762 ’
171 1747 328 1801 luoghi
354 1762 377 1788 a
401 1746 535 1801 quelli
560 1747 647 1789 che
672 1760 885 1800 uengono
908 1745 950 1787 di
978 1746 1182 1788 Palermo
1207 1746 1397 1802 (benche
1424 1746 1667 1788 habbiarno
1688 1747 1796 1789 inte—

171 1839 220 1866 so
243 1824 298 1866 (13
327 1839 408 1866 sua
440 1824 693 1866 eccellenza
722 1825 807 1865 che
839 1822 883 1864 in
915 1822 1076 1878 Napoli
1107 1823 1143 1864 si
1174 1823 1195 1865 ὲ
1230 1823 1332 1865 data
1365 1823 1406 1865 la
1440 1823 1629 1878 prattica
1661 1838 1738 1879 per
1769 1824 1796 1865 11

170 1901 385 1945 mercanti
410 1901 455 1942 di
478 1900 570 1955 qui,
597 1908 641 1943 et
665 1901 748 1942 che
772 1914 856 1941 con
881 1900 1052 1955 patenti
1082 1899 1125 1941 di
1155 1914 1255 1942 esso
1284 1906 1486 1955 potremo
1509 1914 1630 1943 esser
1653 1908 1795 1944 accet-
1816 1939 1819 1943 .

171 1978 247 2020 tati
268 1978 311 2019 in
335 1977 529 2033 Napoli).·
560 1978 613 2019 Et
637 1976 751 2030 cosi,
779 1977 895 2018 oltra
919 1977 959 2018 la
983 1983 1165 2032 patente
1182 1978 1305 2020 detta
1328 1992 1407 2033 per
1429 1978 1568 2020 andar
1591 1992 1668 2033 per
1692 1993 1794 2033 que-

169 2064 236 2097 sto
260 2070 416 2110 regno,
446 2055 472 2096 li
496 2054 848 2096 domandaremo
875 2054 1083 2106 un'altra‚
1105 2061 1149 2096 et
1174 2067 1252 2108 per
1280 2054 1308 2095 il
1340 2055 1388 2097 P.
1416 2054 1642 2097 Giovanni
1667 2054 1796 2109 Filip-

170 2148 225 2188 po
255 2132 436 2184 Casino,
472 2137 752 2187 procurator,
792 2130 1001 2172 accioche
1026 2145 1161 2185 possa
1191 2131 1330 2172 andar
1359 2145 1383 2173 a
1413 2132 1553 2173 Roma
1583 2134 1690 2174 satta
1719 2146 1794 2186 pa-

168 2224 259 2264 sca,
286 2217 328 2253 et
351 2210 498 2250 anche
527 2209 718 2250 un'altra
750 2221 828 2263 per
857 2221 928 2248 me
958 2215 1002 2250 et
1033 2209 1082 2249 P.
1118 2206 1353 2259 Giacomo,
1380 2208 1590 2251 accioche
1619 2209 1795 2263 quando

170 2286 427 2330 hauessiino
451 2284 612 2327 ordine
631 2285 686 2326 da
711 2285 771 2327 V.
808 2286 880 2337 P.,
903 2284 1146 2339 potessimo
1168 2285 1301 2327 etiarn
1326 2285 1391 2327 far
1415 2293 1573 2339 questo
1599 2285 1793 2340 uiaggio,

167 2371 210 2406 et
233 2377 316 2405 con
340 2364 381 2404 la
404 2362 648 2405 medesirna
672 2369 877 2416 potrerno
904 2367 1049 2402 tentar
1072 2361 1112 2402 13
1136 2368 1312 2415 passata
1343 2361 1385 2403 in
1418 2362 1610 2417 Reggffl,
1638 2376 1684 2404 se
1708 2363 1792 2404 ben

167 2441 350 2482 intendo
372 2441 455 2482 che
478 2438 687 2481 Calabria
710 2438 745 2480 si
771 2438 944 2493 guarda
971 2437 1046 2492 pisi
1070 2437 1113 2478 di
1138 2437 1289 2481 Sicilia
1313 2440 1396 2481 che
1419 2439 1609 2482 l'istessa
1644 2440 1792 2494 Napo-

167 2517 208 2569 li,
233 2517 351 2559 doue
374 2517 458 2558 3113
477 2515 684 2570 giornata
707 2515 742 2557 si
769 2515 857 2570 puo
876 2529 1031 2569 passar
1054 2514 1097 2555 di
1120 2514 1345 2567 Siracusa‚
1368 2515 1685 2570 specialmente
1709 2530 1792 2557 con

166 2595 205 2635 le
225 2593 378 2648 galere
401 2607 427 2635 o
455 2591 634 2636 uasselli
658 2591 701 2633 di
727 2591 880 2634 Malta.

260 2683 325 2713 Io.
392 2671 423 2711 11
447 2669 648 2724 giubileo
672 2668 715 2710 di
740 2668 786 2712 S.
817 2667 905 2711 Sfi*
936 2674 979 2710 et
1004 2667 1164 2710 facolta
1191 2683 1269 2724 per
1292 2670 1560 2725 guadagnar
1579 2670 1619 2713 le
1641 2669 1791 2712 statio-

168 2748 226 2799 ni,
254 2748 293 2788 ci
318 2749 374 2789 ha
397 2747 503 2789 dato
524 2746 691 2801 special
715 2744 1039 2796 consolatione,
1067 2752 1111 2788 et
1134 2746 1412 2788 l’andererno
1436 2747 1722 2801 publicando,
1748 2754 1791 2788 et

170 2823 558 2865 raccomandando
582 2822 712 2864 usino
736 2822 1018 2877 gratitudine
1041 2821 1085 2863 di
1115 2831 1275 2877 questo
1299 2823 1536 2878 beneficio,
1563 2824 1607 2865 in
1640 2838 1788 2866 raeco·
1835 2876 1838 2877 ⁷

167 2901 352 2942 inandar
377 2900 448 2955 pis]
474 2900 755 2942 caldamente
780 2913 805 2939 a
830 2898 916 2940 Dio
941 2899 996 2940 N.
1020 2899 1067 2941 S.
1095 2899 1135 2939 la
1160 2913 1350 2953 persona
1375 2907 1418 2942 et
1442 2914 1545 2941 cose
1570 2901 1610 2942 di
1632 2902 1677 2944 S.
1705 2899 1790 2944 S.t³³

169 2978 279 3018 oltra
305 2977 451 3030 quella
478 2976 521 3016 di
547 2976 601 3017 V.
633 2977 680 3021 P,
