1891 3292
567 126 1103 175 COMMENTAmOLA.—1564
1529 130 1598 174 639

34 228 48 240 '
109 244 179 286 23.
247 230 330 272 Die
363 228 538 272 decima
569 229 784 271 Octobris
818 231 1058 286 collegium
1099 233 1306 274 Parmam
1348 232 1530 274 missum
1563 241 1643 284 est,

22 293 134 336 duce
157 291 354 333 Octauio
377 287 591 331 Fernesio
621 288 665 329 id
687 298 938 341 expetente,
964 299 1008 333 et
1032 291 1143 332 miro
1167 292 1343 333 feruore
1368 292 1642 346 postulante,

21 365 121 395 cum
145 349 268 404 prius
290 346 507 391 Societati
531 361 688 401 parum
712 348 795 388 sibi
826 357 959 391 notae
987 350 1272 391 aduersarius
1301 350 1547 391 acerrimus
1569 365 1642 393 ex·

22 410 195 460 titisset,
215 414 260 451 et
275 407 374 448 eius
390 405 659 449 liberalitate
677 415 720 448 et
739 407 889 448 studio
908 408 1069 449 domus
1086 416 1129 450 et
1147 409 1349 451 redditus
1367 409 1508 463 parati
1526 417 1644 452 sunt.

23 467 318 514 Occasionem
342 465 446 507 duci
475 465 598 507 dedit
629 467 682 508 P.
707 466 896 507 Ioannes
919 467 1096 509 Gurrea
1125 469 1351 522 praeclare
1380 482 1426 509 se
1458 469 1646 511 Parmae

23 540 200 584 gerens.

108 597 178 639 24.
247 585 298 627 P.
335 582 552 626 X.⁰forus
585 582 844 636 Rodriguez
875 584 919 624 in
955 585 1197 639 Appuliam
1237 585 1293 626 ab
1331 585 1644 639 inquisitorum

23 644 211 699 collegio
234 642 447 685 remissus
468 649 536 684 est
561 653 617 697 29
640 642 869 693 Octobris,
896 643 971 684 vbi
994 645 1079 685 hoc
1102 644 1200 699 ipso
1223 658 1341 686 anno
1363 644 1408 685 in
1431 659 1485 686 eo
1510 644 1643 686 mini-

23 704 157 749 sterio
177 708 399 752 versatus,
425 714 561 755 supra
587 700 708 742 mille
737 702 961 743 hereticos
989 704 1044 744 ad
1073 703 1296 757 gremium
1324 703 1541 746 ecclesiae
1572 718 1644 745 re-

18 762 164 821 ‚duxit;
191 763 237 803 in
262 762 331 803 2.²
355 774 463 802 vero
485 774 623 815 supra
645 760 935 815 quingentos.

112 831 184 876 25.
252 821 369 863 Cum
397 819 648 863 Germania
677 819 863 861 Inferior
894 821 949 861 ab
981 835 1068 861 vno
1099 820 1364 875 prouinciali
1399 820 1566 863 visitari
1605 830 1647 864 et

25 882 120 937 regi
144 880 336 923 comode
358 893 448 921 non
470 885 636 933 posset,
662 879 718 920 ab
743 876 796 920 ea
824 886 1027 932 separata
1062 888 1165 920 sunt
1189 880 1376 933 collegia
1396 879 1493 921 tria:
1520 880 1643 922 colo—

27 940 198 991 niense,
234 938 572 993 moguntinum,
604 944 647 979 et
681 946 957 987 treuerense;
993 946 1037 979 et
1070 946 1330 981 remanente
1368 939 1452 979 sub
1489 939 1646 980 eodem

26 1001 76 1043 P.
103 998 335 1042 Euerardo
365 996 646 1052 prouinciali,
678 1004 722 1039 et
756 1011 858 1037 curn
888 997 1045 1039 eodem
1077 998 1256 1039 nomine
1275 997 1506 1051 prouincia
1529 997 1647 1040 Infe-

25 1059 152 1102 rioris
169 1057 457 1108 Germaniae,
482 1071 601 1098 noua
625 1055 855 1111 prouincia
879 1057 962 1097 sub
987 1057 1129 1098 Rheni
1159 1057 1456 1111 appellatione
1485 1071 1540 1098 ex
1564 1056 1644 1097 tri-

25 1119 109 1162 bus
130 1117 263 1159 dictis
286 1115 490 1171 collegiis
512 1116 632 1157 facta
649 1122 733 1166 est,
759 1122 804 1157 et
823 1115 945 1156 Patri
963 1115 1133 1157 doctori
1153 1115 1352 1157 Antonio
1370 1115 1506 1166 Vink,
1529 1129 1649 1157 nouo

27 1176 288 1235 prouinciali
306 1175 516 1218 comissa.

114 1236 189 1279 26.
262 1236 308 1277 In
340 1234 412 1276 die
440 1232 515 1277 Sfi
543 1232 744 1277 Simonis
782 1241 825 1276 et
855 1233 990 1276 Iudae
1013 1233 1339 1288 disputationes
1368 1233 1650 1287 theologicae

16 1296 71 1338 ‘in
93 1302 248 1338 nostro
272 1295 438 1348 templo
460 1292 641 1335 habitae
673 1303 795 1342 sunt,
832 1293 1134 1347 respondente
1164 1294 1224 1335 M.
1258 1294 1422 1334 Ioanne
1452 1291 1647 1334 Ricasuli

14 1356 110 1398 'sub
132 1355 317 1396 doctore
345 1353 532 1404 Toled0;
564 1360 606 1395 et
637 1351 843 1405 sequenti
872 1352 944 1393 die
973 1351 1319 1406 philosophicae,
1349 1352 1649 1405 respondente

30 1413 198 1458 Rutilio
229 1414 445 1456 Benzono
476 1425 674 1463 romano,
709 1411 887 1465 collegii
921 1411 1166 1465 germanici
1205 1411 1401 1464 alumno,
1433 1410 1509 1464 qui
1540 1417 1649 1451 tunc

29 1473 160 1518 etiam
184 1474 383 1515 lauream
414 1470 660 1526 magisterii
688 1469 864 1525 publice
886 1469 931 1511 in
960 1470 1049 1513 fine
1078 1470 1431 1523 disputationum
1459 1468 1647 1523 accepit3

29 1533 99 1575 die
120 1547 224 1575 vero
243 1530 468 1573 dominico
491 1530 711 1584 sequenti,
736 1528 947 1584 dialogus
970 1528 1236 1585 exhi[bi]tus
1258 1536 1302 1571 et
1327 1527 1492 1582 premia
1513 1528 1650 1568 victo—

30 1592 150 1635 ribus
187 1592 232 1633 in
263 1591 410 1632 soluta
443 1589 644 1632 oratione
682 1596 727 1631 et
765 1588 964 1630 carmine
993 1602 1155 1643 graece
1189 1596 1232 1630 et
1261 1587 1396 1632 latine
1431 1586 1650 1641 composi-

29 1651 83 1694 tis
109 1651 216 1693 data
252 1657 358 1692 sunt
386 1651 594 1705 (quorum
628 1648 769 1703 pretia
806 1647 1046 1690 cardinalis
1075 1648 1315 1690 Fernesius
1345 1646 1510 1699 soluit);
1537 1659 1652 1699 quae

28 1710 174 1753 omnia
202 1724 305 1752 curn
336 1723 501 1764 magna
529 1714 835 1763 spectatorum
859 1706 1111 1761 frequentia
1146 1705 1454 1760 praesentibus
1483 1704 1653 1758 aliquot

28 1769 329 1813 cardinalibus
351 1775 395 1810 et
418 1767 515 1810 aliis
538 1766 644 1809 viris
666 1766 976 1820 ornatissimis,
1004 1774 1047 1809 et
1066 1780 1168 1807 cum
1193 1779 1358 1820 magna
1381 1764 1653 1807 aedificatio·

29 1845 85 1873 ne
108 1836 333 1871 transacta
355 1834 479 1870 sunt.

116 1900 188 1942 27.
254 1888 370 1929 Cum
395 1886 575 1941 quidam
600 1885 708 1928 satis
731 1893 865 1927 notus
888 1885 933 1925 in
957 1885 1080 1927 Vrbe
1108 1883 1362 1939 episcopus,
1393 1880 1654 1925 aemulatio-

29 1963 84 1991 ne
113 1962 203 1990 non
235 1948 366 1998 bona,
401 1954 445 1988 et
478 1945 736 1988 inuidorum
772 1943 987 1994 consiliis,
1016 1943 1188 1985 libellos
1212 1943 1429 1997 quosdam
1462 1942 1655 1982 famosos

31 2015 185 2050 contra
213 2005 453 2050 Societatis
491 2004 764 2054 institutum,
806 2012 850 2046 et
882 2003 1084 2057 insignes
1113 2002 1155 2044 in
1186 2016 1237 2043 ea
1267 2015 1494 2057 personas,
1528 1999 1652 2040 calu—

33 2066 161 2108 mniis
183 2073 228 2108 et
258 2066 379 2107 falsis
410 2063 775 2106 accusationibus
808 2064 983 2118 plenos,
1010 2062 1260 2117 sparsisset,
1287 2068 1331 2102 et
1356 2074 1424 2101 res
1447 2060 1502 2101 ad
1525 2071 1656 2100 aures

32 2125 190 2168 summi
217 2124 442 2179 pontificis
473 2138 551 2178 per
579 2123 851 2165 cardinalem
878 2122 1109 2171 Vitellum,
1142 2120 1437 2176 peruenisset,
1465 2131 1653 2160 succen-

32 2199 133 2228 sens
161 2185 234 2227 ille
267 2183 497 2239 episcopo,
534 2197 628 2224 rem
657 2181 960 2224 cardinalibus
989 2181 1151 2235 quibus
1184 2177 1515 2221 reformationis
1547 2190 1655 2218 cura

33 2244 297 2286 demandata
320 2249 431 2292 erat,
458 2241 711 2292 committit;
737 2255 932 2295 cumque
955 2241 1192 2295 episcopus
1215 2238 1302 2292 (cui
1320 2246 1363 2281 et
1383 2246 1558 2290 tempus
1582 2236 1652 2276 da-

33 2304 162 2345 batur
192 2302 470 2354 recantandi,
507 2302 541 2342 si
571 2303 771 2343 humano
794 2300 926 2342 alicui
955 2299 1136 2342 affectui
1166 2297 1437 2343 indulsisset‘s
1468 2296 1516 2337 se
1545 2294 1657 2335 velle

36 2364 219 2417 probare
247 2377 363 2416 quae
385 2361 559 2403 dixerat
590 2361 847 2413 affirmaret,
873 2359 913 2401 ei
943 2372 1205 2400 concessum
1241 2365 1325 2399 est.
1360 2356 1449 2399 Sed
1483 2361 1653 2407 postea,

33 2435 133 2464 cum
156 2421 264 2463 nihil
287 2420 583 2469 inueniretur,
615 2419 797 2462 nornine
820 2418 1062 2473 pontificis,
1089 2424 1132 2458 et
1156 2416 1446 2458 cardinalium
1470 2413 1655 2455 aliorum

35 2482 284 2536 gratulatus
302 2487 371 2522 est
389 2480 519 2521 nobis
539 2479 742 2531 Vitellus,
762 2478 1000 2522 Societatis
1022 2476 1273 2531 puritatem,
1293 2488 1406 2528 quae
1425 2473 1468 2514 in
1485 2477 1658 2513 contra·

35 2540 228 2583 dictione
251 2546 532 2595 apparuerat.
561 2539 616 2580 Et
639 2552 742 2580 curn
766 2537 901 2580 libelli
924 2537 968 2578 in
992 2534 1279 2579 Germaniam
1303 2532 1423 2574 missi
1447 2537 1597 2574 essent
1615 2536 1659 2572 et

36 2599 216 2642 infamia
238 2613 407 2654 sparsa,
440 2598 546 2639 iusit
575 2598 776 2653 pontifex
806 2597 850 2637 in
885 2610 1109 2637 carcerem
1140 2592 1301 2635 coniici
1329 2592 1452 2633 illum
1479 2589 1654 2644 episco-

37 2673 157 2713 pum,
184 2658 307 2714 prius
329 2657 479 2699 officio
501 2665 545 2700 et
573 2657 787 2698 subsidiis
816 2655 968 2710 palatii
993 2656 1233 2708 priuatum3
1265 2658 1308 2693 et
1337 2651 1392 2693 ad
1419 2650 1657 2702 imperato-

37 2732 142 2769 rem,
169 2719 330 2761 ducem
351 2716 543 2759 Babarie
565 2726 609 2758 et
638 2716 909 2758 cardinalem
940 2722 1259 2768 augustanum,
1290 2724 1341 2752 ac
1373 2719 1461 2751 tres
1491 2708 1659 2750 electo-

38 2791 106 2820 res
126 2776 464 2820 ecclesiasticos
487 2775 734 2817 honorifica
758 2775 813 2816 de
836 2773 1060 2817 Societate
1093 2770 1263 2823 breuia,
1294 2776 1450 2810 contra
1479 2766 1579 2807 illos
1612 2765 1659 2806 li-

37 2836 192 2891 bellos,
218 2836 467 2891 approbata
491 2849 571 2890 per
593 2834 860 2885 cardinales,
887 2832 963 2886 qui
992 2830 1161 2872 iudices
1183 2829 1438 2878 extiterant,
1463 2825 1598 2866 misit.

124 2896 194 2939 28.
261 2894 393 2937 lnitio
415 2893 691 2937 Nouembris
713 2894 889 2943 domus,
911 2905 1043 2945 quam
1067 2888 1305 2931 cardinalis
1322 2884 1564 2941 Carpensis
1585 2884 1662 2924 ha-

35 2952 271 3009 bitauerat,
293 2953 519 2997 sexcentis
537 2953 684 2995 aureis
704 2952 866 2994 annuis
890 2951 1114 2992 conducta
1137 2955 1205 2991 est
1228 2947 1285 2989 ad
1302 2943 1527 2989 seminarii
1550 2956 1663 2998 opus
