1891 3292
252 178 321 222 648
758 177 945 210 POLANOE
971 185 1284 211 COMPLEMENTA

206 294 342 334 prope
370 286 414 319 et
443 283 569 318 extra
596 291 748 318 muros
777 276 988 328 ciuitatis3
1026 277 1232 330 quamuis
1264 277 1382 319 enim
1416 278 1637 320 ducentos
1669 293 1825 323 aureos

205 338 394 392 singulis
417 335 545 377 annis
564 335 811 389 perciperet
829 336 1071 390 collegium
1091 343 1412 388 maceratense,
1434 336 1537 390 quia
1556 344 1702 378 tamen
1726 351 1824 382 arca

206 396 400 438 tenenda
430 401 542 444 erat,
573 394 616 434 in
647 408 734 448 qua
763 395 1060 437 eleemosinae
1092 394 1416 446 inferebantur,
1454 395 1570 437 vnde
1603 410 1823 449 expensae

205 456 260 497 ad
289 453 514 494 edificium
544 460 587 495 et
623 460 880 494 nostrorum
911 453 1284 495 sustentationem
1312 454 1624 505 sumebantur,
1651 461 1694 496 et
1723 468 1822 497 curn

207 512 482 555 fraternitate
514 512 741 565 agendum
775 519 886 562 erat,
919 513 1061 553 visum
1097 513 1178 553 fuit
1208 512 1552 566 congregationi
1587 513 1786 566 generali
1815 512 1828 539 f

206 586 302 615 eam
331 586 429 613 esse
456 569 783 620 dimittendam,
816 578 860 612 et
889 570 949 611 ita
979 571 1274 625 praepositus,
1310 585 1411 613 cum
1442 571 1633 626 primum
1665 571 1820 625 potuit,

206 631 250 672 id
273 637 341 671 est
364 638 600 671 executus.
1807 639 1816 644 ·

296 701 366 744 39.
432 689 607 729 Domus
645 687 821 742 collegii
859 688 1146 741 louaniensis,
1183 702 1348 742 magno
1385 702 1609 730 consensu
1647 695 1826 730 senatus

207 747 302 802 (qui
331 754 461 788 antea
490 747 678 787 multum
713 746 880 800 diuque
912 747 1262 802 repugnauerat)
1298 748 1559 789 amortizata
1592 755 1635 788 et
1664 748 1824 790 donata

206 805 369 848 nostris
391 812 474 855 est,
501 805 745 847 adiuuante
762 812 944 847 strenue
965 805 1277 853 uniuersitate‚
1299 814 1343 847 et
1362 806 1600 860 praecipue
1619 806 1826 848 facultate

207 864 479 917 theologica,
506 871 549 905 et
573 863 752 917 quidem
781 865 877 905 sine
900 865 999 906 vllis
1021 864 1371 907 conditionibus,

294 936 369 975 40.
441 924 663 977 Tempore
694 923 1064 977 congregationis
1096 923 1233 977 aliqui
1272 938 1325 965 ex
1362 923 1572 965 Patribus
1609 922 1824 977 hispanis,

207 983 325 1037 apud
349 982 461 1024 S.¹¹m
485 982 693 1022 Iacobum
714 983 880 1023 Romae
897 982 1128 1035 hispanice
1150 983 1406 1024 concionati
1429 989 1552 1033 sunt,
1573 990 1616 1024 et
1640 988 1739 1036 post
1756 994 1827 1023 ex-

208 1042 359 1096 pulsos
384 1048 533 1081 turcas
556 1041 611 1081 ab
640 1040 786 1081 insula
816 1040 969 1083 Melite
998 1041 1041 1081 id
1069 1041 1214 1095 ipsum
1239 1055 1388 1083 coram
1419 1042 1570 1083 multis
1594 1040 1824 1082 cardinali-

206 1102 291 1142 bus
319 1107 363 1142 et
389 1099 754 1152 frequentissimo
785 1100 949 1154 populo
980 1100 1085 1142 fecit
1122 1102 1254 1142 Pater
1278 1100 1373 1154 ipse
1401 1099 1641 1155 generalis,
1668 1107 1711 1140 et
1734 1099 1825 1153 qui-

206 1160 308 1202 dem
333 1172 434 1199 cum
458 1157 769 1199 aedificatione
792 1173 956 1212 magna
980 1166 1023 1201 et
1046 1159 1368 1201 satisfactione.

294 1229 366 1270 41.
435 1216 686 1259 Renouatio
712 1217 960 1258 studiorum
996 1220 1111 1259 facta
1145 1218 1226 1259 fuit
1257 1219 1423 1260 Romae
1445 1217 1542 1260 sine
1564 1231 1729 1271 magno
1753 1231 1823 1271 ap·

207 1285 379 1330 paratu,
420 1276 522 1329 quia
561 1276 847 1330 theologicae
885 1277 1202 1319 conclusiones
1232 1291 1255 1318 a
1278 1276 1558 1320 diuersarum
1597 1275 1824 1317 nationum

204 1336 413 1377 Patribus
442 1341 721 1376 sustentatae
754 1335 946 1385 fuerant,
979 1342 1024 1377 et
1056 1335 1364 1389 philosophice
1388 1336 1442 1377 ab
1472 1335 1524 1376 iis
1547 1335 1624 1388 qui
1648 1334 1704 1375 ad
1728 1348 1825 1388 gra-

202 1394 309 1436 dum
334 1393 580 1448 magisterii
603 1393 712 1434 satis
735 1394 862 1435 multi
896 1395 980 1435 sub
1011 1395 1195 1438 doctore
1218 1397 1388 1437 Acosta
1417 1393 1607 1449 promoti
1631 1400 1750 1445 sunt,
1784 1399 1826 1435 et

204 1460 420 1507 vtraeque
444 1466 548 1493 cum
574 1453 718 1502 laude,
743 1461 827 1494 etc.

288 1523 362 1564 42.
427 1511 679 1566 Collegium
705 1511 1019 1552 conuictorum
1040 1511 1255 1554 nobilium
1276 1513 1364 1553 hoc
1383 1526 1500 1554 anno
1519 1511 1724 1553 Viennae
1741 1510 1824 1552 dis-

202 1571 399 1612 solutum
424 1570 522 1622 fuit,
550 1569 727 1611 sublata
750 1571 882 1611 domo
905 1569 948 1611 in
974 1584 1061 1624 qua
1085 1570 1360 1621 habitabant;
1381 1571 1568 1613 alterum
1588 1570 1720 1612 etiam
1740 1570 1824 1611 col-

201 1629 369 1683 legium
395 1643 640 1683 pauperum
659 1643 713 1670 ex
738 1630 870 1670 domo
892 1643 973 1670 sua
997 1631 1284 1671 exturbatum
1310 1636 1393 1681 est,
1419 1629 1614 1671 ciuitatis
1637 1627 1824 1669 auctori-

203 1695 309 1738 tate,
336 1689 415 1729 sed
437 1688 679 1742 imperator
703 1687 1067 1741 Massimilianus,
1100 1689 1281 1730 domum
1308 1687 1482 1730 restitui
1514 1687 1658 1738 iussit;
1686 1687 1763 1729 sed
1785 1687 1828 1728 in

201 1754 371 1801 partem
401 1748 640 1801 quamdam
669 1746 849 1801 collegii
888 1747 1027 1788 nostri
1067 1747 1324 1789 viennensis
1353 1747 1529 1801 excepti
1561 1748 1760 1796 fuerunt,
1787 1753 1830 1789 et

200 1820 291 1847 non
315 1807 458 1847 solum
473 1813 731 1859 ‘reparatum
750 1806 925 1859 est‚sed
945 1806 1078 1848 etiam
1098 1807 1322 1848 adiunctis
1339 1806 1435 1848 aliis
1452 1806 1670 1848 diuitibus
1685 1819 1735 1846 ac
1755 1818 1826 1846 no-

203 1864 370 1906 bilibus
393 1864 553 1907 creuit.

289 1935 361 1976 43.
428 1925 629 1966 Fauente
653 1926 765 1973 Deo,
788 1930 831 1966 et
856 1918 964 1978 rege
982 1923 1374 1976 christianissimo,
1400 1932 1443 1966 et
1462 1923 1559 1965 eius
1584 1922 1707 1976 regio
1726 1936 1828 1963 con-

201 1981 298 2023 silio
322 1985 449 2037 (quos
473 1997 526 2024 ex
550 1990 676 2036 parte
700 1990 903 2024 mouerat
928 1982 1109 2037 reginae
1132 1982 1380 2025 catholicae
1403 1982 1516 2024 seria
1545 1981 1827 2024 commenda-

202 2040 277 2094 tio)
317 2041 570 2095 persecutio
600 2056 715 2095 quae
743 2041 925 2083 Parisiis
954 2041 1228 2084 Societatem
1254 2043 1498 2096 premebat,
1540 2040 1751 2090 cessauit,
1786 2045 1827 2082 et

201 2099 246 2141 in
269 2100 411 2141 solitis
439 2100 698 2143 ministeriis
721 2114 822 2141 cum
847 2101 978 2142 laude
1008 2108 1050 2141 et
1080 2101 1364 2143 edificatione
1386 2109 1430 2142 et
1459 2114 1623 2155 magna
1656 2099 1826 2140 audito-

200 2172 298 2200 rum
322 2159 592 2212 frequentia,
619 2159 770 2201 addita
789 2160 982 2202 lectione
1006 2159 1111 2200 noui
1134 2173 1293 2201 cursus
1316 2167 1361 2201 et
1385 2158 1650 2213 theologica,
1682 2171 1825 2212 perre-

200 2216 263 2259 xit
288 2217 532 2271 parisiense
549 2218 808 2272 collegium3
831 2227 874 2260 et
894 2218 1233 2272 parlamentum,
1258 2218 1498 2273 pontificiis
1520 2217 1678 2259 litteris
1696 2217 1826 2259 etiam

205 2275 468 2328 animatum,
497 2277 640 2331 magis
663 2277 828 2318 nostris
852 2276 1004 2319 fauere
1026 2277 1160 2331 cepit.

291 2347 366 2387 44.
430 2336 478 2377 In
502 2336 711 2389 pragensi
735 2335 928 2389 collegio
952 2336 1155 2377 semestri
1178 2335 1320 2390 primo
1343 2334 1479 2376 huius
1501 2335 1605 2376 anni
1630 2336 1723 2377 fere
1751 2347 1827 2388 130

203 2394 433 2435 lutherani
457 2402 501 2435 et
525 2394 597 2435 alii
621 2393 806 2437 heretici
829 2394 1038 2436 conuersi
1057 2402 1161 2435 sunt
1179 2395 1234 2435 ad
1258 2394 1519 2448 religionem
1543 2393 1822 2444 catholicam;

206 2453 418 2506 Auguste
448 2453 598 2504 etiam,
631 2461 675 2495 et
705 2453 808 2494 alibi
845 2467 933 2494 non
970 2453 1117 2507 pauci,
1159 2462 1202 2495 et
1232 2453 1375 2495 Viene
1405 2452 1532 2493 multi
1567 2452 1827 2494 adiurarunt

203 2524 353 2552 coram
379 2511 542 2553 nostris
565 2511 777 2562 heresim,
804 2511 848 2552 in
873 2511 1233 2554 confessionibus
1255 2511 1412 2564 adiuti,
1438 2520 1481 2553 et
1504 2520 1549 2553 vt
1573 2512 1826 2553 fruerentur

204 2570 370 2611 scholis
399 2578 655 2612 nostrorum
686 2570 865 2624 quidam
902 2570 1167 2612 catholicam
1203 2571 1336 2613 etiam
1371 2569 1649 2624 relligionem
1688 2567 1826 2613 secuti

206 2636 328 2671 sunt.

294 2697 366 2740 45.
433 2688 548 2731 Cum
574 2688 812 2730 cardinalis
836 2687 1103 2738 Borbonius‚
1123 2687 1343 2731 Societati
1366 2696 1544 2730 nostrae
1562 2702 1641 2743 per
1663 2687 1827 2729 litteras

206 2746 259 2787 ad
288 2748 467 2788 Patrem
497 2747 754 2801 generalem
788 2746 946 2788 missas
970 2746 1258 2801 Rothomagi,
1285 2761 1399 2802 quae
1428 2746 1730 2788 Normandiae
1759 2758 1823 2786 ca-

205 2811 286 2859 put
303 2812 387 2855 est,
408 2806 649 2859 collegium
673 2805 889 2849 Societati
907 2804 1160 2856 obtulisset,
1180 2819 1233 2847 eo
1256 2819 1303 2848 se
1325 2805 1515 2848 contulit
1534 2807 1585 2847 P.
1607 2803 1827 2846 Antonius

211 2863 503 2915 Posseuinus;
536 2872 579 2907 et
602 2864 954 2919 praedicatione,
990 2870 1034 2906 et
1067 2863 1328 2905 cathecismi
1360 2864 1567 2918 lectione,
1595 2863 1752 2905 mirum
1783 2861 1826 2901 in

276 2992 290 3016 f
340 2992 533 3036 generalis
554 3005 623 3028 ms.
