1891 3292
504 175 1116 213 EPHEMER1DES.—AUG.-OCT.
1142 187 1230 222 1554
1562 187 1629 224 577

52 280 110 324 mi
133 278 443 321 adolescentes
465 291 521 319 ex
544 276 736 331 collegio
758 276 833 319 illo
855 279 911 320 ad
935 288 1133 322 nostram
1157 280 1429 323 Societatem
1449 295 1498 324 se
1520 280 1674 323 adiun-

51 344 228 383 xerunt.
257 335 384 379 Missi
406 342 514 377 sunt
537 334 671 377 etiam
702 335 777 377 illo
802 338 862 380 M.
898 338 1086 381 Ioannes
1114 339 1325 390 Rhetius,
1358 342 1419 382 M.
1446 340 1678 382 Gerardus

52 397 356 441 dordracenus
384 401 432 436 vt
462 394 648 459 illorum.
668 407 820 436 curam
853 405 1061 448 gererent
1090 398 1134 439 in
1167 398 1490 452 spiritualibus,
1523 400 1679 453 Itaque

55 459 218 500 sactum
242 463 326 505 est,
350 461 398 495 vt
421 467 561 508 quum
584 453 804 508 pnneipio
828 455 902 496 vix
920 456 1049 509 pauci
1066 456 1184 498 illius
1202 458 1402 512 collegii,
1423 457 1558 512 idque
1578 459 1673 499 fur—

52 516 146 567 tim,
172 512 498 556 confiterentur
522 519 567 555 et
589 513 1052 568 communicaremus,
1079 522 1233 569 postea
1257 516 1401 570 palam
1423 525 1467 558 et
1491 517 1676 560 manife-

52 583 120 618 sto
147 572 392 629 plurimum
422 570 602 626 pietatis
630 571 675 612 in
710 572 919 614 omnibus
949 573 1004 614 sit
1033 588 1113 629 per
1142 582 1319 617 nostros
1348 575 1675 627 introductum,

48 632 256 690 quamuis
284 645 375 673 non
409 630 506 673 sine
538 629 736 672 maximo
764 631 917 674 labore
949 640 992 673 et
1027 633 1297 676 turbatione.
1333 635 1533 678 Gerebat
1572 648 1679 677 vero

49 691 230 747 collegii
253 690 373 733 illius
395 703 652 745 supremam
676 703 831 731 curam
855 691 908 733 R.
938 692 988 733 P.
1017 693 1240 736 Olaueus.

139 749 366 805 Principio
396 748 600 804 Augusti
629 747 858 790 distributi
889 757 995 791 sunt
1020 752 1179 794 fratres
1208 752 1251 792 in
1282 752 1482 794 diuersas
1512 753 1679 795 classes

50 818 97 853 vt
129 809 296 852 diuersi
330 808 511 851 diuersa
542 807 825 850 xenodochia
853 808 1085 852 visitarent
1113 818 1156 853 et
1195 824 1415 863 carceres,
1441 811 1485 852 in
1515 811 1678 865 quibus

50 876 144 912 toto
182 868 268 910 isto
308 875 509 923 tempore
547 867 791 923 plurimutn
833 868 1008 910 fructus
1051 883 1127 924 per
1170 869 1253 912 Dei
1291 870 1480 923 gratiam
1525 870 1677 912 confe-

52 936 171 972 ctum
194 935 278 970 est.

136 987 163 1029 6
200 985 482 1042 Septembris
526 987 715 1028 Romam
760 985 883 1028 venit
921 987 974 1028 R.
1024 988 1075 1029 P.
1123 987 1330 1041 Layenez
1372 1001 1474 1029 cum
1515 1002 1680 1042 magna

47 1046 249 1090 omnium
273 1053 530 1087 nostrorum
554 1044 877 1097 consolatione,
904 1045 979 1099 qui
1002 1060 1233 1100 nunquam
1257 1046 1379 1088 illum
1405 1046 1675 1088 videramus.

51 1105 254 1150 Abduxit
277 1111 428 1147 autem
452 1105 509 1146 ab
531 1104 640 1159 ipsis
670 1116 719 1147 Io
744 1105 916 1156 fratres,
937 1105 1014 1159 qui
1038 1120 1201 1146 novum
1223 1106 1465 1161 collegium
1489 1106 1679 1148 Genuae

51 1165 312 1208 fundarunt.
339 1163 567 1207 Abierunt
590 1171 741 1206 autem
772 1164 818 1204 hi
847 1178 933 1206 vna
963 1178 1066 1206 cum
1098 1164 1194 1206 aliis
1218 1176 1240 1218 5
1266 1165 1341 1219 qui
1369 1165 1494 1206 ibant
1516 1164 1561 1206 in
1585 1166 1678 1208 Ae-

49 1223 262 1280 tyopiam,
294 1236 345 1280 19
367 1222 664 1278 Septembris.

137 1283 308 1326 Eodem
332 1283 408 1324 illo
438 1289 639 1338 ternpore
668 1282 907 1337 negotium
937 1283 993 1325 de
1021 1281 1107 1323 illis
1135 1283 1357 1337 agebatur
1386 1282 1461 1337 qui
1489 1282 1544 1324 ad
1569 1284 1678 1325 Bre-

51 1342 264 1386 sbiterum
291 1341 388 1399 [sic]
418 1343 631 1384 Ioannem
661 1349 788 1385 erant
818 1341 1172 1383 transmittendi.
1205 1342 1549 1395 lnquirebantur
1572 1355 1680 1383 vero

46 1403 172 1445 iussu
196 1404 249 1444 R.
277 1403 330 1444 Ρ.
358 1401 520 1456 nostri,
547 1400 749 1443 omnium
773 1401 995 1444 desideria
1015 1401 1071 1441 ad
1095 1415 1208 1455 opus
1226 1403 1332 1453 hoc,
1359 1409 1402 1442 vt
1435 1408 1478 1443 et
1501 1415 1608 1443 voce
1636 1407 1680 1443 et

47 1461 213 1515 scripto
236 1461 310 1503 illa
336 1461 605 1516 proferrent.
634 1461 838 1503 Tandem
863 1475 970 1503 vero
993 1460 1047 1502 ad
1078 1474 1190 1514 opus
1213 1460 1321 1501 illud
1344 1459 1555 1503 destinati
1578 1466 1682 1501 sunt

50 1522 100 1564 R.
129 1521 178 1563 P.
212 1520 422 1564 Andreas
452 1519 705 1571 d'Ouiedo,
734 1521 786 1562 R.
828 1522 880 1563 P.
919 1520 1166 1570 Carnerus,
1208 1521 1396 1561 loannes
1433 1518 1679 1573 Borckiou,

50 1581 236 1624 Ioannes
274 1581 502 1631 Thomas,
535 1580 865 1634 neapolitanus,
903 1586 947 1622 et
982 1578 1199 1631 Michael,
1225 1579 1464 1633 hispanus,
1492 1591 1681 1632 quorum

51 1647 138 1683 tres
168 1639 313 1681 ultimi
346 1639 672 1694 professionem
704 1640 908 1681 fecerunt
938 1645 985 1679 vt
1016 1638 1301 1680 coadiutores
1330 1638 1585 1692 spirituales
1608 1650 1678 1678 es-

48 1706 147 1742 sent
171 1700 201 1753 2,
228 1698 377 1755 [festo]
402 1697 500 1753 ipso
523 1698 768 1740 nativitatis
794 1700 845 1740 Β.
874 1697 1091 1752 Virginis,
1118 1698 1142 1739 8
1167 1697 1461 1752 Septembris.
1490 1697 1681 1738 Absolu-

49 1765 92 1802 te
114 1765 266 1801 autem
290 1757 616 1812 professionem
642 1758 745 1800 fecit
770 1759 822 1800 R.
852 1759 903 1799 P.
931 1758 987 1798 de
1011 1758 1250 1800 Mendoza.

137 1828 191 1870 27
215 1817 497 1872 Septembris
520 1817 832 1872 inscripsimus
862 1831 1018 1859 omnes
1044 1816 1223 1857 nomina
1248 1823 1402 1857 nostra
1425 1815 1469 1856 in
1494 1814 1681 1857 societa-

49 1883 92 1920 te
114 1876 352 1931 Sepulchri
375 1878 431 1919 D.
453 1878 580 1933 Jesu,
608 1891 741 1932 quam
768 1877 1062 1932 profitebatur
1085 1882 1129 1918 et
1152 1875 1408 1930 publicabat
1434 1876 1494 1916 M.
1520 1876 1681 1916 Petrus

46 1937 208 1979 Zarate
226 1943 257 1978 ².

137 2008 160 2049 3
186 1994 402 2038 Octobris
425 1996 698 2050 appulerunt
722 1994 929 2037 Louanio
960 1996 1145 2036 Romam
1170 1993 1464 2046 Guilielmus,
1501 1999 1680 2034 antuer-

50 2053 224 2109 pianus,
251 2061 296 2098 et
321 2055 598 2108 Ludovicus,
625 2054 882 2097 leodiensis.
912 2055 1019 2096 Item
1046 2056 1208 2095 Petrus
1233 2053 1377 2095 Britto
1404 2051 1604 2094 Patauio.

137 2114 164 2155 6
200 2113 402 2157 eiusdem
436 2114 607 2168 primus
635 2114 748 2169 lapis
777 2113 929 2168 templi
959 2113 1101 2155 nostri
1129 2114 1377 2154 collocatus
1406 2119 1472 2153 est
1502 2112 1557 2153 ab
1586 2111 1680 2152 illu-

49 2172 266 2215 strissimo
289 2172 517 2216 cardinale
540 2175 608 2216 De
630 2173 672 2214 la
690 2174 846 2216 Cueva
870 2172 886 2197 b
909 2179 953 2215 et
974 2174 1024 2214 R.
1056 2174 1105 2213 P.
1134 2179 1301 2213 nostro.
1326 2172 1512 2212 luerunt
1530 2177 1678 2213 autem

46 2233 204 2276 eodem
228 2232 300 2275 die
323 2232 368 2274 in
392 2232 591 2276 Siciliam
617 2235 670 2276 P.
697 2232 977 2282 Desiderius,
1002 2232 1168 2272 Paulus
1192 2238 1480 2279 mantuanus,
1507 2230 1677 2280 Simon,

46 2292 309 2334 et'loannes
340 2291 624 2335 Dominicus.
657 2292 848 2347 Appulit
878 2300 1029 2334 autem
1062 2292 1248 2333 Romam
1280 2291 1339 2332 M.
1370 2288 1680 2331 Theodoricus

47 2350 273 2394 Canisius.

142 2422 193 2463 14
211 2410 349 2452 huius
368 2418 594 2453 venerunt
612 2412 800 2453 Romam
821 2411 882 2453 M.
905 2411 1133 2452 Henricus
1151 2407 1398 2464 Dyonisius
1415 2419 1459 2449 et
1478 2409 1538 2450 M.
1563 2407 1678 2448 Tho-

48 2482 159 2519 mas,
186 2469 520 2524 neomagensis;
546 2470 651 2512 item
676 2470 868 2525 Neapoli
892 2471 982 2511 duo
1005 2470 1193 2511 iuuenes
1218 2467 1409 2509 nobiles.

143 2529 193 2571 18
218 2528 420 2571 eiusdem
446 2528 570 2571 venit
601 2531 788 2572 Romam
819 2544 904 2571 vna
933 2543 1032 2570 cum
1060 2531 1120 2571 M.
1150 2527 1395 2569 Emanuele
1425 2527 1477 2567 R.
1514 2527 1562 2567 P.
1590 2524 1676 2565 Na-

39 2586 166 2639 ‚talis3
193 2589 330 2643 paulo
352 2602 460 2631 vero
481 2595 584 2631 ante
609 2595 794 2632 venerat
817 2589 906 2630 don
931 2587 1221 2631 Theotonius.

139 2647 482 2702 Disputationes
506 2649 652 2691 factae
674 2656 780 2689 sunt
807 2649 891 2689 hoc
916 2662 1035 2688 anno
1062 2646 1238 2701 publice
1261 2645 1307 2686 in
1333 2643 1501 2697 templo
1526 2649 1681 2684 nostro

50 2718 75 2746 a
99 2717 148 2748 21
176 2707 391 2749 Octobris
415 2721 558 2762 usque
581 2708 636 2749 ad
667 2707 773 2750 28.¹¹²
798 2722 900 2749 cum
933 2720 1099 2760 magno
1127 2705 1420 2760 plurimorum
1455 2715 1679 2744 concursu

120 2850 137 2868 a
186 2841 322 2876 Sarete
343 2853 417 2876 ms.
475 2843 541 2869 —b
569 2841 606 2876 d’
627 2842 815 2887 Acqueua
838 2851 927 2883 ms.;
944 2844 979 2876 et
999 2840 1127 2886 infra,
1151 2841 1349 2886 Acqueua.

119 2966 132 2985 ‘²
183 2966 270 3001 Non
289 2973 377 3012 apte
397 2966 580 3012 loquitur:
603 2967 792 3013 professio
817 2966 1001 3001 solemnis
1021 2977 1113 3000 sane
1134 2964 1222 3008 fuit,
1244 2964 1335 2999 licet
1355 2964 1470 2998 trium
1492 2968 1685 2999 votorum.

52 3011 112 3049 Cf.
137 3012 304 3055 Charon„
327 3014 393 3057 IV,
415 3014 496 3057 576.

228 3080 384 3107 POLANC1
399 3084 699 3106 COMPLEMENTA.-—
709 3079 742 3106 T.
755 3080 791 3107 Π
1512 3076 1545 3103 37
