1891 3292
243 224 312 259 322
738 223 927 258 POLANC1
954 231 1272 258 COMPLEMENTA

195 326 234 367 ci
259 325 403 380 gratia
422 339 496 379 per
521 325 561 365 le
579 323 770 365 orationi
791 324 846 365 de
870 324 927 366 V.
955 324 1006 365 P.
1028 324 1082 365 de
1105 323 1292 366 seruirlo
1314 323 1359 364 in
1383 330 1544 377 questo
1566 332 1811 379 assumpto,

197 411 239 445 et
263 403 318 444 de
347 402 425 443 dar
452 401 570 442 bona
593 401 761 455 pascha
794 415 818 442 a
841 401 899 443 V.
928 402 1000 455 P.,
1026 400 1068 442 in
1094 400 1168 442 cui
1189 407 1318 442 sante
1339 399 1531 441 orationi
1554 407 1598 442 et
1625 399 1814 442 sacrifici
1879 419 1881 422 ·

198 479 492 520 humilmente
521 477 579 519 mi
609 477 924 529 raccomando‚
955 484 999 519 et
1027 477 1253 519 domando
1281 489 1363 517 sua
1390 475 1720 519 benedictione.
1746 476 1814 519 De

199 553 418 607 Palermo‚
446 551 629 607 giouedi
652 559 781 594 santo
805 561 931 605 1575.

282 631 351 672 De
380 629 441 671 V.
482 630 533 671 Ρ.
566 642 700 672 seruo
729 634 772 670 et
801 627 973 680 figliolo
1004 627 1188 670 minimo
1210 627 1256 668 in
1279 628 1382 680 X.⁰‚

926 704 954 760 †
971 706 1162 760 JOANNE
1191 717 1252 746 DE
1276 704 1520 746 POLANco.
1555 703 1582 759 †

285 794 328 834 4.
395 783 468 824 ΗΟ
492 782 603 824 fatto
624 781 795 823 l'offitio
818 781 1164 824 raceomandato
1187 781 1256 822 col
1282 782 1330 823 P.
1351 780 1584 823 Bobadilla
1607 780 1638 833 ⁵,
1657 788 1701 823 et
1719 795 1815 822 vor-

199 859 259 900 rei
291 873 420 914 saper
442 842 492 901 se
513 860 572 902 V.
610 860 660 902 P.
697 858 797 901 vole
828 872 854 899 o
887 857 1071 899 intende
1105 859 1189 899 che
1222 857 1263 898 io
1292 858 1334 899 lo
1358 858 1503 912 reputi
1534 865 1742 911 exempto
1773 864 1816 899 et

197 934 453 977 immediato
476 950 500 977 a
522 935 579 977 lei
602 949 628 976 o
657 949 765 985 non,
793 941 1090 988 quantunque
1113 934 1175 975 lui
1194 935 1318 989 parla
1342 933 1602 985 benissimo,
1630 941 1673 976 et
1701 932 1814 985 dice,

196 1013 280 1054 che
305 1011 380 1066 piu
404 1013 487 1053 che
511 1012 613 1053 tutti
647 1012 747 1054 vole
779 1011 918 1054 esser’
942 1010 1161 1062 subditto,
1188 1025 1258 1052 ma
1291 1010 1334 1051 io
1356 1010 1443 1051 l'ho
1472 1009 1667 1064 rispecto
1691 1023 1817 1052 come

201 1103 225 1130 a
245 1089 406 1143 padre,
428 1095 515 1132 etc.

286 1166 544 1219 Inscriptio.
572 1166 600 1221 †
625 1166 682 1207 Al
714 1165 853 1206 molto
885 1165 1000 1207 Rdo.
1027 1164 1070 1205 id
1095 1163 1178 1206 X.⁰
1205 1165 1349 1207 Padre
1375 1171 1542 1215 nostro,
1568 1164 1596 1204 il
1622 1165 1673 1205 P.
1695 1163 1814 1205 Eue—

202 1241 331 1283 rardo
380 1241 688 1292 Mercuriano,
740 1240 968 1296 preposito
1013 1241 1226 1295 generale
1274 1240 1390 1283 della
1438 1239 1724 1294 Compagnia
1767 1239 1820 1281 de

197 1319 322 1374 Jesu,
347 1325 449 1369 ete„
475 1333 499 1360 a
523 1319 680 1361 Roma.

290 1395 446 1450 Sigillz‘
468 1395 727 1450 vestigium.

203 1542 404 1586 spectabat
430 1541 640 1575 adventurn
666 1540 891 1587 visitatoris,
922 1547 963 1576 ut
989 1542 1035 1575 ad
1055 1553 1143 1576 eum
1170 1541 1341 1576 Catanae
1369 1546 1580 1575 morantem
1600 1539 1747 1582 scribit,
1780 1546 1816 1572 ΙΙ

202 1600 291 1645 Maji
315 1601 403 1644 1576
420 1601 533 1643 (Ital.
555 1608 635 1642 151,
656 1599 697 1634 ff.
715 1600 851 1645 89-90),
873 1606 1021 1645 postea,
1042 1602 1079 1635 in
1098 1601 1271 1646 epistolis
1294 1609 1334 1644 14
1353 1607 1392 1634 et
1408 1609 1451 1634 20
1475 1598 1647 1644 ejusdem
1676 1598 1819 1632 mensis

202 1660 465 1694 visitationem
493 1659 650 1694 nunciat
677 1671 816 1704 magno
834 1671 920 1695 cum
940 1660 1067 1695 fructu
1086 1671 1172 1694 esse
1192 1665 1438 1694 transactam:
1461 1659 1550 1695 [tal.
1570 1667 1649 1701 151,
1674 1658 1714 1695 ff.
1739 1666 1818 1700 104-

206 1728 284 1762 105,
306 1724 344 1753 et
366 1719 531 1753 131-132.

275 1778 317 1814 P.
338 1778 550 1818 Bobadilla,
570 1784 610 1812 ut
629 1778 723 1811 alios
742 1779 978 1820 omittamus,
999 1778 1063 1824 qui
1082 1779 1171 1812 olim
1190 1777 1285 1812 adeo
1304 1778 1443 1812 acriter
1468 1778 1676 1811 Polancum
1695 1786 1820 1821 repre‘

202 1837 403 1880 henderat‚
430 1837 556 1882 ipsum
584 1837 842 1881 inspectorem
869 1837 1024 1872 Siciliae
1051 1836 1180 1872 laudat
1207 1837 1386 1880 maxime,
1415 1847 1581 1882 eumque
1601 1834 1819 1881 provinciae

203 1897 385 1942 praeponi
412 1901 584 1941 exoptat,
606 1901 647 1930 ut
673 1907 720 1929 ex
739 1895 822 1941 ejus
850 1897 1024 1941 epistolis
1043 1896 1264 1931 notavimus
1283 1896 1321 1930 in
1340 1896 1491 1932 Bobad.
1524 1896 1717 1937 Momm„
1739 1892 1817 1938 528,

203 1961 334 1992 annot.
355 1965 389 1999 4,
412 1967 477 1989 nn.
497 1956 525 1998 Ι,
547 1955 583 1988 II
603 1961 641 1989 et
661 1955 707 1988 V.

272 2013 359 2048 Non
377 2012 536 2047 defuere
562 2012 627 2058 qui
646 2012 854 2047 Polancum
875 2019 1064 2057 notarent,
1087 2014 1312 2058 praesertim
1340 2020 1381 2048 ut
1400 2013 1561 2047 nimium
1586 2017 1818 2046 exactorem:

200 2072 253 2107 sic
268 2074 481 2117 reperimus
498 2072 535 2105 in
553 2072 683 2114 paucis
698 2072 886 2116 epistolis,
902 2078 941 2105 ut
957 2072 997 2107 P.
1017 2073 1176 2117 Joannis
1192 2072 1385 2106 Dominici
1400 2071 1596 2107 Candelae
1610 2071 1718 2115 (Ital.
1735 2078 1816 2114 151,

201 2131 243 2166 ff.
267 2137 450 2175 250-251);
478 2131 519 2165 P.
549 2130 747 2164 Eustachii
768 2131 921 2164 Paterni
948 2131 1057 2173 (Ital.
1082 2140 1166 2175 152,
1195 2131 1261 2167 fol.
1281 2131 1380 2176 379),
1406 2142 1449 2165 ac
1471 2131 1513 2165 P.
1541 2130 1689 2164 Erasmi
1718 2130 1816 2163 Mar-

200 2191 321 2224 chesii
347 2189 471 2232 (ibid,
500 2189 541 2224 ff.
567 2188 751 2232 381-382).
779 2188 855 2222 Sed
883 2189 1281 2233 animadvertendum,
1303 2190 1514 2225 Candelam
1545 2200 1621 2223 non
1645 2193 1819 2222 constare

200 2249 290 2293 sibi,
310 2260 353 2283 ac
371 2260 544 2283 rumores
563 2248 694 2292 exigui
714 2248 898 2282 momenti
918 2249 1108 2294 incusare,
1130 2249 1340 2283 Paternum
1361 2247 1555 2291 (Paterno)
1581 2260 1625 2282 ac
1651 2248 1818 2282 Marche-

200 2309 299 2343 sium
318 2309 369 2343 ita
388 2308 653 2353 imprudenter
671 2312 786 2353 atque
811 2308 951 2341 acerbe
970 2309 1086 2355 loqui,
1109 2314 1150 2343 ut
1168 2309 1285 2343 bilem
1306 2309 1433 2354 potius
1454 2320 1610 2343 vomere
1635 2319 1748 2353 quam
1763 2306 1820 2351 ju-

199 2367 343 2401 dicium
363 2366 462 2401 ferre
483 2365 700 2400 videantur.
723 2365 805 2399 Nec
825 2376 956 2410 parum
978 2368 1081 2400 valet
1098 2367 1200 2412 quod
1220 2379 1264 2401 ea
1283 2371 1517 2412 tempestate
1537 2366 1708 2411 perfecta
1734 2375 1818 2399 con-

197 2426 345 2471 junctio
363 2426 569 2460 siculorum
588 2436 675 2459 cum
693 2425 865 2469 hispanis
883 2424 1180 2460 desideraretur.
1203 2426 1332 2470 Magni
1351 2431 1478 2461 autern
1506 2425 1706 2460 faciendae
1724 2436 1818 2470 que·
1874 2408 1877 2451 ἶ

202 2485 387 2519 rimoniae
406 2495 482 2518 non
500 2483 670 2525 fuerunt,
689 2494 806 2528 quum
826 2483 961 2517 nullibi
981 2485 1217 2528 reperiamus
1236 2486 1284 2518 ab
1309 2484 1503 2518 Everardo
1521 2490 1587 2518 aut
1615 2484 1817 2518 Polancum

201 2543 452 2585 admonitum,
475 2547 539 2575 aut
560 2541 719 2574 verbum
740 2541 858 2574 ullum
879 2540 926 2574 de
946 2553 986 2574 re
1006 2544 1208 2585 prolatum.
1231 2542 1291 2578 Cf.
1313 2543 1426 2587 epist.
1446 2542 1525 2586 228,
1548 2547 1678 2576 annot.
1705 2540 1738 2577 3.

272 2603 284 2622 ὅ
336 2601 392 2635 Cf.
414 2611 542 2645 supra,
565 2611 732 2634 monum.
756 2607 836 2643 217,
857 2611 892 2633 n.
919 2607 949 2641 13
971 2605 1009 2633 et
1030 2601 1181 2635 Robad.
1210 2602 1404 2642 Monum„
1425 2601 1591 2645 528-529.
