1891 3292
261 220 329 263 674
768 219 954 253 POLANOE
983 227 1297 253 COMPLEMENTA

212 318 538 372 indulgentiam
564 318 607 359 in
631 333 684 361 eo
707 317 895 359 articulo
917 328 1316 373 consequerentur,
1349 319 1445 362 aliis
1470 334 1576 363 vero
1598 328 1643 363 vt
1665 328 1834 376 septem

213 391 354 419 annos
378 378 447 420 vel
472 377 578 430 quid
602 377 860 431 hujusmodi
884 377 1113 431 impartire
1143 378 1330 433 possint.

300 436 415 478 Cum
439 435 721 478 dubitaretur
743 450 800 477 an
823 436 1013 489 quisque
1036 450 1090 479 ex
1114 437 1276 478 nostris
1299 437 1582 479 confessariis
1605 439 1770 480 bullam
1789 439 1833 481 in

214 496 338 537 Cena
367 494 546 537 Domini
580 509 717 549 penes
751 509 797 536 se
829 495 996 536 habere
1028 496 1213 538 deberet
1246 496 1308 549 (vt
1340 503 1500 537 sonant
1530 498 1663 539 verba
1702 498 1835 540 huius

212 554 360 595 bullae
381 553 590 607 vltimae),
615 568 670 594 an
693 553 800 594 satis
823 561 941 596 esset
963 560 1007 595 vt
1025 553 1202 609 singula
1220 554 1409 609 collegia
1426 555 1497 597 vel
1519 555 1679 597 domus
1701 569 1832 599 vnam

213 612 447 666 haberent,
474 614 559 653 hoc
582 611 695 654 dixit
717 611 826 653 satis
856 612 970 662 fore,
996 620 1040 654 et
1072 621 1119 653 vt
1149 627 1201 654 ea
1230 613 1445 668 figeretur
1470 614 1513 656 in
1543 615 1642 656 loco
1669 613 1715 654 in
1747 628 1835 669 quo

211 685 366 713 omnes
389 670 647 713 confessarii
670 685 767 713 eam
791 671 942 725 legere
965 679 1164 725 possent.

299 729 536 772 Concessit
559 730 716 772 eodem
735 729 823 782 die,
844 737 891 770 vt
913 729 950 771 si
968 730 1068 784 quis
1085 745 1139 772 ex
1158 738 1310 772 nostra
1328 730 1555 774 Societate
1576 730 1621 772 in
1654 732 1834 774 carthu-

211 789 425 830 siensium
457 788 658 830 ordinem
694 789 883 830 transire
914 789 1064 842 vellet,
1093 796 1183 832 tres
1205 789 1244 831 ei
1269 803 1445 832 menses
1468 790 1828 844 praescriberen-

213 855 299 902 tur,
326 847 442 889 intra
466 861 581 901 quos
605 847 640 889 si
670 860 759 888 non
787 847 965 902 ingredi
988 855 1179 890 tentaret
1202 849 1269 889 vel
1292 863 1381 889 non
1405 848 1740 900 admitteretur,
1764 851 1832 893 vel

211 882 301 948 nori
340 914 663 961 perseueraret,
699 883 864 948 redire&
880 913 1102 959 teneatur,
1140 906 1218 963 [et]
1258 921 1347 948 non
1380 907 1419 948 ei
1443 907 1644 973 ‘amplius
1679 908 1832 952 liceret

211 973 445 1020 praetextu
469 965 752 1015 Carthusiae,
779 979 804 1007 a
827 965 1051 1008 Societate
1084 965 1180 1008 sine
1213 965 1453 1020 praepositi
1485 965 1582 1009 eius
1603 980 1830 1009 consensu

212 1025 436 1068 recedere.

305 1094 371 1136 17.
437 1083 533 1126 Sub
556 1083 691 1125 finem
716 1083 1112 1137 quadragessimae
1141 1083 1383 1126 Mediolani
1412 1084 1592 1125 tandem
1622 1084 1833 1127 Societati

210 1142 313 1184 data
336 1148 404 1183 est
427 1141 618 1184 ecclesia
640 1143 687 1185 S.
714 1142 894 1193 Fidelis,
920 1141 965 1182 in
990 1156 1117 1183 vsum
1137 1142 1330 1197 collegii;
1351 1149 1396 1184 et
1413 1142 1652 1184 cardinalis
1673 1144 1832 1185 Borro-
1890 1172 1891 1184 i

212 1215 337 1243 meus
359 1200 730 1255 archiepiscopus
759 1200 877 1242 mille
905 1201 1091 1242 ducatos
1113 1216 1288 1243 annuos
1311 1201 1456 1244 eidem
1473 1201 1739 1256 assignauit,
1761 1216 1831 1244 su·

212 1275 288 1315 per
313 1259 533 1301 fructibus
557 1260 768 1302 Arannae
787 1259 974 1302 abatiae.

305 1319 369 1361 18.
435 1319 530 1361 Sub
554 1319 641 1360 hoc
667 1325 843 1373 tempus
872 1317 1050 1359 nomine
1072 1317 1269 1372 episcopi
1293 1326 1336 1359 et
1359 1317 1555 1361 ciuitatis
1579 1318 1826 1373 Montispo—

208 1377 372 1427 liciani,
400 1384 622 1419 venerunt
644 1377 734 1418 duo
763 1377 956 1429 nobiles,
987 1377 1063 1430 qui
1089 1379 1266 1418 Patrem
1296 1384 1500 1419 nostrum
1529 1377 1827 1432 praepositum

209 1443 426 1492 rogarunt
450 1444 497 1477 vt
520 1436 563 1477 in
588 1437 688 1477 loco
711 1450 842 1491 quem
867 1436 926 1477 ibi
949 1435 1152 1479 Societas
1170 1444 1375 1478 tenuerat
1398 1437 1527 1491 (quae
1550 1437 1829 1491 Compagnia

208 1496 263 1537 de
285 1495 445 1550 grandi
468 1495 716 1549 dicebatur)
740 1495 995 1538 admitteret
1018 1494 1271 1549 hospicium
1297 1510 1374 1549 pro
1398 1496 1734 1537 transeuntibus
1752 1510 1825 1537 no-

208 1555 326 1605 stris,
340 1554 701 1609 quandoquidem
721 1553 960 1608 collegium
980 1568 1069 1594 non
1087 1554 1413 1595 admittendum
1432 1555 1661 1606 censebat3
1683 1561 1727 1596 et
1747 1556 1825 1596 Pa-

210 1620 276 1654 ter
299 1613 466 1668 gratias
489 1613 553 1654 eis
576 1613 649 1666 agi
672 1612 828 1663 voluit,
855 1620 899 1655 et
921 1612 1183 1666 aliquando,
1211 1627 1365 1655 eorum
1398 1613 1626 1656 oblatione
1649 1627 1825 1655 vsuram

209 1673 478 1715 Societatem
506 1672 751 1726 respondit,
777 1671 880 1714 licet
904 1671 1152 1725 hospicium
1171 1687 1261 1713 non
1281 1672 1475 1714 admisit.

303 1743 366 1786 19.
429 1732 525 1773 Sub
543 1731 658 1772 idem
679 1739 853 1784 tempus
870 1745 970 1771 cum
992 1730 1277 1784 prouincialis
1296 1731 1552 1786 Aragoniae
1571 1729 1827 1772 Maioricam

209 1803 256 1831 se
279 1789 546 1832 contulisset
569 1789 833 1832 visitationis
857 1790 1017 1844 gratia,
1044 1797 1088 1830 et
1111 1789 1289 1844 collegii
1313 1804 1382 1831 res
1407 1789 1635 1832 meliorem
1665 1789 1709 1830 in
1739 1790 1828 1831 for—

210 1863 326 1890 mam
347 1848 610 1903 redegisset,
638 1855 682 1891 et
713 1848 897 1898 nobiles,
926 1848 1180 1890 reddituum
1214 1849 1526 1904 augendorum
1550 1863 1704 1890 curam
1735 1862 1826 1890 sus-

207 1908 446 1962 cepissent,
471 1907 702 1948 constituit
724 1915 768 1948 vt
787 1907 1054 1961 gramatices
1073 1916 1386 1962 praeceptores
1405 1908 1494 1962 (qui
1519 1915 1705 1949 eatenus
1739 1921 1825 1949 non

208 1974 335 2009 erant
359 1966 466 2019 dati)
491 1966 662 2008 ciuitati
686 1967 975 2015 donarentur,
1007 1974 1051 2007 et
1080 1981 1182 2008 cum
1211 1967 1371 2008 ciuitas
1401 1968 1583 2008 domum
1614 1967 1669 2008 ad
1699 1979 1823 2007 corn-

209 2026 464 2066 moditatem
504 2026 755 2066 scholarum
789 2025 981 2079 collegio
1020 2025 1216 2075 emisset,
1258 2040 1350 2068 rem
1389 2026 1529 2067 nostri
1569 2024 1827 2080 aggressuri

208 2092 352 2134 erant;
373 2085 459 2126 sed
484 2098 572 2124 non
597 2084 772 2124 videtur
796 2083 1066 2127 successisse
1088 2085 1276 2127 effectus
1299 2086 1534 2127 hactenus,

301 2155 370 2184 20.
436 2143 551 2184 Cum
589 2144 638 2184 P.
681 2143 990 2184 Ferdinandus
1012 2144 1144 2193 laem,
1176 2157 1328 2186 sacrae
1368 2143 1621 2197 theologiae
1660 2142 1825 2193 doctor,
1882 2147 1883 2150 ’

210 2201 532 2256 professionem
556 2213 583 2253 4
606 2209 809 2242 votorum
835 2201 1053 2243 emisisset
1077 2202 1147 2243 die
1171 2202 1264 2245 12.a
1285 2202 1430 2245 Martii
1449 2202 1493 2243 in
1517 2201 1724 2243 manibus
1748 2201 1827 2243 Pa·
1880 2227 1882 2232 π

208 2261 286 2301 tris
310 2260 446 2301 nostri
474 2259 711 2314 praepositi
751 2260 992 2313 generalis,
1032 2261 1104 2303 die
1134 2272 1181 2313 17
1217 2261 1386 2315 Aprilis
1430 2261 1678 2315 sequentis,
1705 2274 1823 2301 surn-

210 2319 296 2374 ptis
321 2319 531 2361 omnibus
555 2319 860 2368 sacramentis,
888 2334 1050 2373 magna
1074 2334 1175 2361 cum
1200 2319 1529 2370 aedificatione,
1555 2320 1611 2362 ab
1632 2320 1716 2360 hac
1739 2318 1825 2359 vita
1880 2355 1882 2357 .

208 2378 416 2420 excessit:
443 2378 508 2419 vir
532 2377 752 2431 probitate
774 2387 817 2418 et
840 2378 1042 2419 doctrina
1064 2379 1543 2421 commendatissimus.

299 2449 369 2479 21.
438 2439 486 2478 P.
516 2436 786 2479 Benedictus
815 2436 1009 2478 Palmius
1031 2438 1244 2479 assistens
1277 2452 1379 2479 curn
1409 2437 1678 2479 concionum
1709 2437 1824 2477 labo-

211 2495 333 2537 ribus
367 2497 484 2550 apud
518 2497 565 2539 S.
573 2505 619 2521 0¹¹¹
653 2495 944 2537 Laurentium
979 2502 1097 2537 esset
1129 2497 1407 2562 perfunctus,
1447 2504 1491 2538 et
1529 2495 1707 2550 quidem
1747 2495 1823 2535 fre-

210 2554 391 2608 quentia
413 2562 456 2596 et
482 2555 629 2596 fructu
653 2568 704 2595 ac
727 2554 1034 2596 aedificatione
1058 2555 1264 2606 maxima,
1293 2555 1600 2621 primariorum
1627 2567 1823 2609 praeser-

211 2613 286 2653 tim
327 2613 574 2661 hominum
617 2613 816 2654 visitator
855 2614 1164 2667 neapolitanae
1202 2614 1463 2669 prouinciae
1496 2613 1740 2659 institutus,
1775 2623 1825 2653 20
1876 2629 1879 2635 ·

209 2671 376 2726 Aprilis
398 2687 451 2714 eo
476 2674 703 2726 profectus
726 2679 808 2714 est

298 2742 368 2772 22.
436 2732 550 2773 Cum
574 2731 813 2785 episcopus
835 2730 1058 2772 amerinus
1082 2745 1233 2772 curam
1259 2731 1520 2782 animarum,
1546 2731 1641 2772 sine
1664 2743 1750 2784 qua
1772 2727 1825 2770 ab
1876 2728 1877 2732 ’

209 2789 349 2843 ipsius
380 2790 721 2843 praedecessore
750 2789 938 2832 ecclesia
967 2791 1013 2832 S.
1048 2815 1104 2820 —
1131 2815 1188 2820 —-
1214 2798 1228 2814 Υ
1256 2790 1419 2832 nostris
1448 2789 1574 2831 initio
1603 2790 1823 2842 assignata

209 2855 319 2897 erat,
347 2848 475 2889 nobis
507 2848 768 2890 incumbere
791 2848 1048 2901 affirmaret,
1081 2857 1123 2891 et
1156 2849 1228 2890 alii
1263 2849 1369 2890 iuris
1404 2848 1531 2904 periti
1564 2847 1822 2890 tantundem
1874 2858 1875 2861 ’

208 2906 425 2948 sentirent
450 2907 552 2961 quia
576 2921 665 2949 non
690 2914 783 2949 erat
802 2922 848 2950 re
866 2921 970 2950 vera
989 2921 1095 2949 cura
1118 2907 1190 2950 alii
1213 2908 1428 2950 ecclesiae
1451 2907 1687 2963 applicata,
1710 2904 1824 2946 vnde

278 3046 290 3062 r
345 3036 517 3072 Lacuna.
