1891 3292
256 223 323 257 570
763 211 950 245 POLANOE
976 218 1292 245 COMPLEMENTA

300 465 341 500 P.
364 463 606 510 JOANNES
629 462 865 508 JACOBUS
894 462 1089 509 BASSUS
1117 463 1159 498 P.
1192 460 1429 498 OCTAVIO
1457 460 1741 497 LORENZINI

663 567 903 594 FLORENTIA
936 559 979 593 26
1011 567 1196 593 Ano-usn
1230 557 1320 601 1607
1351 558 1375 591 1.

208 663 278 688 1-2.
315 654 448 697 Quam
485 654 597 688 vellet
628 654 852 688 Polancum
879 657 968 699 apte
999 654 1181 688 laudari:
1217 652 1286 697 qui
1309 653 1464 698 possint
1494 651 1634 685 melius
1665 636 1832 695 loqui.—-

280 713 355 756 3-6.
377 714 546 748 Polanci
568 713 776 759 ingenium
796 725 841 747 ac
857 712 1163 757 litterata—PB.
1190 712 1321 756 Ipsius
1336 711 1631 756 pietas—941.
1650 709 1751 754 Ejus
1777 721 1832 745 co-

278 773 411 813 mitas,
449 776 485 806 et
520 773 562 806 in
596 773 746 806 edendo
781 772 1234 813 abstinentia—1244.
1272 771 1388 805 Zelus
1423 770 1514 804 boni
1549 770 1834 804 Societatz's.—-

283 838 407 875 15-17.
429 832 547 866 Illius
566 831 795 865 ministeria
814 832 1024 865 nonnulla.

304 941 339 971 1.
400 929 498 984 Jhs.
536 928 677 969 Molto
708 925 805 968 R.d⁰
834 927 879 967 in
910 928 1027 981 Xpo.
1064 927 1221 968 Padre.
1259 927 1351 967 Pax
1385 924 1555 966 Christi
1587 931 1676 966 ete.
1708 924 1832 966 Gran

208 1020 342 1061 pezzo
367 1005 388 1046 ὲ
413 1006 496 1045 che
521 1004 650 1046 intesi
677 1017 761 1044 con
795 1004 884 1044 mio
907 1010 1059 1057 gusto,
1087 1004 1172 1044 che
1201 1002 1230 1043 il
1262 1004 1312 1045 P.
1340 1002 1593 1043 Franeesco
1622 1000 1831 1043 Saechini

205 1082 441 1135 seguitaua
466 1083 506 1123 la
529 1081 780 1124 desiderata
805 1080 991 1122 historia
1017 1081 1135 1122 della
1159 1086 1309 1120 nostra
1331 1077 1629 1132 Compagnia.
1658 1076 1833 1119 Piaccia

206 1159 246 1200 al
269 1158 435 1213 Signor
469 1160 554 1200 che
586 1172 670 1200 con
702 1157 809 1199 utile
837 1166 881 1200 et
918 1157 1268 1199 accrescimento
1299 1155 1448 1197 d'essa
1480 1160 1524 1197 et
1554 1154 1625 1196 del
1655 1153 1833 1208 profitto

207 1234 273 1277 de'
295 1235 500 1289 prossimi
522 1235 562 1275 le
582 1234 654 1276 dia
674 1234 803 1276 felice
821 1233 1137 1288 eompimento.
1162 1234 1236 1274 Ma
1254 1232 1312 1272 mi
1333 1232 1554 1272 rineresce
1577 1245 1725 1273 essere
1748 1237 1833 1271 sta-

207 1320 253 1354 to
282 1319 406 1353 tanto
435 1312 490 1353 da
521 1325 649 1365 poco,
676 1313 758 1352 che
789 1325 878 1352 non
907 1309 1069 1352 habbia
1101 1317 1260 1364 saputo
1291 1316 1417 1350 notar
1440 1315 1484 1349 et
1514 1321 1719 1348 osseruar
1749 1320 1830 1347 eon

206 1388 467 1439 imitatione,
493 1395 615 1430 tante
639 1388 758 1429 uirtu
776 1389 859 1430 che
877 1388 950 1428 nel
968 1387 1105 1428 molto
1126 1386 1374 1429 reuerendo
1392 1392 1436 1426 et
1454 1385 1604 1439 degno
1629 1384 1830 1427 d'eterna

208 1464 421 1507 memoria
447 1466 497 1506 P.
523 1464 750 1506 Giovanni
779 1463 823 1504 di
856 1463 1053 1505 Polanco
1082 1471 1125 1505 et
1155 1462 1301 1504 d'altri
1330 1461 1499 1503 antichi
1531 1460 1672 1502 nostri
1699 1460 1830 1502 Padri

206 1541 248 1581 io
281 1541 403 1583 harei
429 1548 586 1595 potuto
620 1548 787 1591 notare,
819 1539 994 1581 afineh&
1027 1539 1208 1580 hauessi
1242 1546 1400 1593 potuto
1423 1538 1466 1579 in
1502 1544 1627 1592 parte
1658 1537 1830 1578 almeno

205 1618 432 1672 cooperar'
458 1633 481 1658 a
507 1625 630 1659 tanto
647 1618 799 1672 degna
824 1631 973 1671 opera.
999 1618 1089 1658 Pur
1113 1630 1196 1657 eon
1222 1616 1262 1656 la
1277 1615 1430 1656 diuina
1449 1613 1593 1669 gratia
1617 1612 1713 1655 diro
1730 1613 1831 1666 quel

208 1708 318 1748 poco
347 1695 447 1747 Che,
482 1695 695 1748 alquanto
723 1693 980 1735 hauendoui
1006 1699 1208 1747 pensato,
1238 1692 1353 1733 m'ha
1385 1698 1542 1746 potuto
1570 1688 1826 1732 souuenire.

295 1783 336 1813 2.
403 1773 476 1813 Ma
496 1770 635 1825 prima
661 1770 718 1811 mi
741 1771 959 1813 souuiene
982 1771 1065 1811 che
1088 1770 1116 1810 il
1143 1771 1193 1812 P.
1221 1770 1462 1819 Saechino,
1485 1769 1574 1822 puo
1597 1768 1737 1808 bauer
1756 1765 1828 1807 bo-

204 1847 386 1888 nissima
424 1847 736 1889 informatione
769 1847 840 1888 dal
876 1847 1012 1888 molto
1057 1847 1112 1889 R.
1155 1846 1215 1888 N.
1262 1847 1315 1887 P.
1359 1844 1568 1899 Claudio,
1600 1842 1827 1898 generale,

203 1925 289 1967 che
312 1939 394 1978 pur
417 1924 504 1964 l'ha
535 1923 800 1965 eonoseiuto
824 1931 866 1965 et
898 1923 1137 1978 pratticato
1160 1921 1292 1975 assai,
1319 1928 1363 1962 et
1386 1922 1494 1962 hara
1520 1920 1638 1962 uisto
1663 1918 1830 1960 moltis-

203 2001 314 2042 sime
343 2014 446 2041 cose
469 2001 523 2042 de
554 2000 691 2041 nostri
716 2000 841 2054 primi
870 2000 1001 2041 Padri
1032 1998 1356 2050 nell’arehiuio,
1382 2012 1470 2040 oue
1498 1997 1635 2039 molte
1666 2010 1720 2037 ne
1742 1994 1829 2050 puo

202 2078 326 2118 detto
351 2078 401 2120 P.
430 2076 655 2118 Sacchino
679 2077 911 2119 ritrouare.
944 2078 1050 2127 Pur,
1078 2076 1331 2117 mancando
1361 2088 1474 2116 anco
1505 2080 1664 2127 questo
1687 2072 1823 2122 aium,

200 2153 302 2194 dico
324 2154 690 2205 assolutamente,
715 2155 798 2195 che
822 2153 877 2194 da
901 2153 1040 2194 niuno
1065 2154 1155 2206 puo
1178 2151 1267 2206 egli
1293 2150 1457 2205 meglio
1480 2158 1524 2192 et
1553 2149 1627 2203 pit-1
1656 2148 1825 2202 compi-

203 2237 400 2272 tamente
418 2229 686 2280 informarsi,
708 2231 790 2272 che
808 2229 879 2270 dal
906 2230 954 2270 P.
987 2229 1136 2271 Pietro
1162 2228 1487 2280 Ribadeneyra,
1508 2227 1638 2280 quale
1657 2227 1712 2267 ha
1732 2239 1827 2279 par-

203 2307 358 2348 ticolar
380 2306 499 2347 dono
521 2306 565 2347 di
591 2305 803 2348 memoria
828 2306 871 2346 di
896 2313 1010 2347 tutte
1034 2321 1059 2346 O
1083 2304 1208 2358 quasi
1235 2312 1350 2345 tutte
1374 2311 1532 2357 queste
1550 2301 1826 2357 particolari-

205 2382 247 2423 ta
271 2382 314 2423 di
351 2382 500 2437 tempi,
526 2382 697 2437 luoghi,
724 2396 913 2436 persone
941 2389 985 2424 et
1009 2381 1183 2423 attioni.
1216 2382 1329 2423 Pero
1359 2380 1417 2421 mi
1441 2393 1519 2434 par
1547 2380 1631 2421 che
1653 2393 1678 2420 a
1701 2377 1761 2418 lui
1786 2376 1826 2417 in

201 2459 335 2501 tuttii
357 2459 475 2500 modi
493 2459 529 2500 si
552 2459 699 2500 debba
722 2458 953 2511 ricorrere,
976 2459 1089 2500 oltre
1111 2459 1194 2499 che
1218 2458 1345 2498 u'era
1368 2456 1531 2511 special
1551 2454 1744 2496 amicitia
1763 2454 1827 2494 fra

200 2535 243 2576 di
269 2537 378 2578 loro.
407 2535 542 2577 Potra
567 2549 702 2577 ancor
726 2536 803 2576 dar
834 2536 970 2577 molta
993 2535 1092 2576 luce
1116 2535 1144 2574 il
1168 2535 1289 2575 buon
1316 2534 1461 2575 Padre
1485 2539 1637 2574 nostro
1669 2532 1717 2572 P.
1746 2532 1824 2573 Be-

201 2613 385 2654 nedetto
412 2614 623 2667 Pereyra,
649 2627 781 2666 quem
806 2612 969 2653 multas
992 2612 1049 2652 ob
1082 2624 1240 2652 causas
1264 2609 1448 2651 honoris
1478 2608 1623 2664 gratia
1647 2607 1825 2649 nomino

270 2773 278 2791 ¹
334 2773 387 2805 Ex
414 2772 652 2816 autographo
680 2772 717 2804 in
742 2770 828 2805 eod.
868 2770 1091 2804 Vocationes
1117 2770 1298 2803 Illustres
1319 2770 1349 2810 I,
1374 2777 1394 2802 2
1418 2768 1477 2808 ff„
1500 2781 1537 2804 n.
1559 2779 1617 2812 94,
1645 2768 1748 2813 prius
1766 2766 1822 2809 69.

199 2829 258 2864 Cf.
281 2836 409 2865 annot.
432 2829 465 2864 3.
489 2830 624 2874 Elogia
651 2829 740 2864 huie
760 2829 900 2863 similia
919 2828 984 2862 alii
1004 2834 1198 2873 texerunt3
1222 2834 1350 2862 manet
1370 2827 1539 2862 nondum
1564 2826 1710 2861 editum
1731 2823 1822 2859 illud
1890 2835 1891 2869 3

199 2889 299 2934 quod
321 2889 359 2923 P.
383 2888 547 2923 NADASI
565 2887 720 2933 scripsit
740 2888 778 2922 in
804 2888 902 2922 libro
920 2887 981 2921 cui
998 2887 1133 2921 titulus
1154 2887 1290 2920 «Vitae
1310 2886 1485 2920 Illustres
1507 2885 1735 2920 Soeietatis»
1755 2883 1823 2926 (in-
1890 2901 1891 2911 1

199 2954 257 2981 ter
277 2960 366 2983 mss.
387 2947 530 2992 hujus):
549 2947 617 2981 sed
634 2948 761 2992 ipsum
781 2945 1039 2981 omittendum
1058 2957 1294 2989 censuimus,
1315 2944 1418 2991 quod
1438 2944 1531 2979 nihil
1551 2955 1694 2978 novum
1712 2940 1824 2976 addat
1890 2947 1891 2953 ¹

200 3007 246 3040 iis
264 3005 411 3041 notitiis
432 3018 526 3052 quas
547 3006 595 3040 de
615 3007 782 3040 Polanco
803 3006 840 3040 in
861 3005 1132 3051 praesentibus
1152 3004 1414 3039 voluminibus
1435 3004 1634 3038 habemus.
