1891 3292
568 128 1107 175 CoMiOENTAmoLA.—1564
1536 134 1603 177 637

24 246 107 288 tae,
140 243 188 286 17
212 229 342 281 Iunii,
369 230 486 272 idem
511 229 712 284 pontifex
733 238 932 272 nostram
952 233 1133 273 domum
1155 232 1384 283 inuiseret,
1409 234 1650 287 praesenti-

25 296 105 336 bus
123 289 335 333 cardinali
355 288 555 338 Sabello,
578 289 772 331 Sanctae
792 290 996 344 Flor[a]e,
1015 292 1177 333 Vitello
1197 299 1239 334 et
1259 293 1493 345 Gonzaga,
1512 295 1650 345 P.ge·

23 350 181 395 neralis
204 364 295 393 rem
316 348 357 390 ei
381 347 632 402 proposuit;
653 354 697 389 et
722 350 928 401 probauit
946 351 1256 392 sanctissimus
1280 367 1336 393 ne
1360 345 1492 405 quem
1518 365 1649 405 pecu-

22 412 168 454 liarem
194 410 465 450 haberemus
490 414 803 460 protectorem,
829 422 876 449 se
906 424 1012 450 vero
1042 417 1341 464 protectorem
1368 418 1546 453 nostrae
1570 411 1651 453 So-

22 468 193 513 cietatis
214 481 315 510 esse
338 467 452 508 velle
476 472 667 508 testatus
690 473 772 507 est.

108 539 148 581 7.
213 527 330 570 Cum
353 526 408 567 de
431 524 671 567 seminario
693 525 859 566 Romae
877 526 1210 579 constituendo,
1233 535 1276 568 et
1302 536 1480 569 nostrae
1500 528 1649 570 Socie-

25 587 99 631 tati
121 585 356 635 tradendo,
383 599 407 626 a
430 583 656 638 deputatis
674 584 730 624 ad
755 583 797 623 id
817 584 1122 627 cardinalibus
1140 586 1406 635 deffinitum,
1428 594 1471 628 et
1495 602 1518 627 a
1544 601 1649 641 pon-

23 647 138 689 tifice
162 645 505 699 comprobatum
535 651 671 695 esset,
699 643 854 697 grauis
887 644 992 685 cleri
1026 645 1239 686 secularis
1273 653 1317 687 et
1351 645 1541 686 aliorum
1574 646 1649 700 qui

21 706 189 748 litteras
221 704 506 759 profitentur,
536 710 693 744 contra
725 701 996 745 Societatem
1034 704 1284 757 persecutio
1318 712 1361 745 et
1399 705 1652 746 calumniae

22 772 202 808 exortae
231 771 353 814 sunt;
379 770 424 804 et
453 761 675 804 alienatus
704 761 931 815 pontificis
959 761 1135 803 animus
1170 764 1414 814 ferebatur;
1449 763 1527 804 sed
1558 771 1650 804 tan—

22 825 118 866 dem
141 830 185 866 et
208 822 304 877 ipse
326 830 370 864 et
395 822 575 876 plenum
601 819 918 862 consistorium
943 820 1158 863 Societati
1182 831 1361 863 nostrae
1385 822 1650 864 tradendum

22 882 237 933 decreuit;
264 889 308 924 et
330 881 424 936 ipse
447 880 666 935 pontifex,
694 878 847 920 vltima
871 879 984 929 Iulii,
1011 881 1192 921 domum
1219 891 1416 922 nostram
1447 890 1490 923 et
1520 881 1649 922 colle-

23 942 144 998 gium
171 949 374 982 nostrum
399 954 450 982 ac
474 938 801 995 germanicum,
829 952 931 979 cum
962 939 1058 980 aliis
1083 939 1384 981 cardinalibus
1413 939 1583 992 inuisit,
1610 947 1652 981 et

23 999 247 1045 seminarii
271 1001 436 1051 locum,
463 999 539 1053 qui
564 1007 672 1040 tunc
695 998 1037 1052 designabatur,
1065 998 1189 1040 vidit.

109 1060 150 1104 8.
217 1060 266 1101 In
290 1058 505 1114 gaditana
528 1057 727 1108 ciuitate,
754 1056 1002 1111 Hispaniae
1031 1057 1342 1111 antiquissimo
1366 1056 1581 1111 emporio,
1609 1056 1651 1097 in

22 1133 107 1174 qua
138 1118 305 1160 nullius
334 1117 504 1159 ordinis
532 1116 748 1172 relligiosi
778 1116 958 1157 admissi
989 1117 1181 1165 fuerant,
1214 1116 1317 1157 licet
1346 1124 1448 1157 ante
1476 1122 1521 1158 et
1546 1123 1652 1157 tunc

25 1178 68 1220 id
89 1184 325 1220 curassent
355 1191 446 1219 non
477 1176 623 1232 pauci,
657 1175 963 1219 ecclesiastico
992 1182 1036 1217 et
1065 1175 1255 1217 seculari
1286 1175 1476 1216 concilio
1505 1174 1549 1215 id
1580 1189 1649 1229 pe-

25 1245 143 1281 tente
166 1247 210 1281 et
234 1237 437 1280 redditus
458 1237 737 1287 conferente,
764 1233 1003 1278 Societatis
1026 1242 1207 1277 nostrae
1231 1234 1473 1289 collegium
1498 1243 1565 1276 est
1588 1233 1650 1274 in-

24 1298 232 1339 choatum
248 1329 257 1338 .

107 1370 150 1412 9.
219 1357 354 1398 Peste
396 1353 686 1398 acerbissima
729 1352 945 1408 Lugduni
989 1352 1220 1395 saeuiente
1242 1385 1252 1405 ,
1307 1352 1466 1393 claruit
1511 1351 1654 1393 Patris

25 1414 215 1457 Emundi
238 1414 491 1456 constantia
514 1421 558 1455 et
581 1412 796 1463 charitas,
821 1420 865 1454 et
889 1419 982 1453 tum
1008 1411 1355 1461 concionatoris,
1381 1418 1425 1453 et
1449 1410 1654 1464 spiritua-

25 1474 76 1516 lis
100 1473 304 1529 pastoris,
335 1481 430 1515 tum
459 1473 593 1515 etiam
625 1472 794 1527 reliqua
826 1478 871 1514 et
900 1470 1082 1525 politiae
1111 1478 1155 1512 et
1185 1470 1360 1525 pietatis
1391 1469 1553 1519 officia,
1585 1483 1653 1510 ae·

25 1533 114 1589 gris
137 1541 181 1576 et
211 1533 330 1574 sanis
349 1540 585 1588 praestans
608 1531 828 1573 illustrius
858 1538 902 1574 et
925 1544 1055 1572 suum
1087 1538 1131 1572 et
1160 1528 1397 1573 Societatis
1423 1542 1586 1570 nomen
1612 1527 1655 1568 in

24 1592 169 1636 Gallia
193 1592 316 1646 fecit,
342 1600 386 1635 et
412 1591 660 1646 principum
684 1597 729 1633 et
751 1597 1015 1644 magnatum
1040 1589 1211 1630 animos
1241 1588 1283 1629 ei
1304 1588 1414 1630 mire
1436 1586 1653 1628 concilia—

26 1651 101 1694 uit.
130 1651 290 1694 Diuisa
313 1659 463 1695 autem
492 1650 667 1694 Galliae
697 1649 930 1705 prouincia
959 1649 1003 1690 in
1033 1649 1144 1689 duas
1178 1654 1330 1702 partes
1362 1646 1581 1688 Franciae
1612 1653 1656 1687 et

26 1711 324 1766 Aquitaniae,
373 1710 653 1766 praepositus
701 1708 994 1764 prouincialis
1044 1707 1317 1761 Aquitaniae
1358 1705 1477 1748 idem
1525 1707 1657 1747 Pater

27 1771 260 1813 Emundus
283 1777 352 1813 est
375 1770 668 1812 constitutus.

115 1842 181 1873 10.
248 1829 479 1872 Cardinali
502 1843 553 1872 ac
579 1827 822 1870 varmiensi
845 1826 1063 1882 episcopo
1087 1825 1315 1869 Stanislao
1338 1823 1482 1866 Hosio
1506 1823 1550 1863 id
1573 1823 1655 1864 sol-

25 1889 140 1932 licite
164 1897 369 1941 curante,
394 1889 526 1931 simul
552 1902 654 1930 cum
680 1886 1027 1930 Commendono
1050 1885 1262 1939 episcopo
1290 1889 1334 1925 et
1364 1882 1530 1924 nuncio
1554 1896 1654 1937 apo*

24 1948 178 1991 stolico
202 1950 323 2004 apud
347 1962 502 2003 regem
528 1947 758 1997 Poloniae,
786 1946 831 1987 in
862 1945 1023 1987 Prusia
1052 1944 1096 1985 in
1126 1943 1293 1998 oppido
1323 1940 1659 1997 Branpergensi

25 2007 266 2063 collegium
291 2007 534 2051 Societatis
561 2014 630 2049 est
657 2006 938 2056 inchoatum,
964 2011 1008 2045 et
1041 2016 1095 2057 30
1126 2002 1329 2057 Augusti
1352 2000 1492 2055 aliqui
1517 2002 1657 2042 Roma

26 2067 79 2110 ad
100 2067 144 2109 id
168 2067 292 2109 missi
315 2074 437 2109 sunt.
463 2068 519 2109 Et
544 2074 653 2108 tunc
678 2066 870 2120 primum
899 2061 1195 2118 collegialiter
1226 2063 1270 2103 in
1302 2074 1493 2116 regnum
1523 2060 1655 2101 Polo-

26 2126 122 2169 niae
145 2127 353 2171 Societas
370 2134 439 2170 est
462 2127 685 2181 ingressa.

114 2198 180 2229 ΙΙ.
248 2185 571 2229 Vniuersitatis
593 2182 878 2239 dilingensis,
899 2189 943 2225 et
966 2180 1145 2236 collegii
1165 2178 1508 2223 S.11Hieronimi
1532 2191 1654 2225 cura,

25 2245 78 2288 ab
101 2246 275 2288 Ottone
297 2245 514 2287 cardinali
537 2251 814 2299 augustano,
840 2241 938 2285 eius
968 2241 1225 2295 fundatore,
1252 2253 1418 2294 magna
1449 2236 1655 2279 solemni—

27 2313 113 2348 tate
130 2305 174 2346 in
193 2305 469 2348 Societatem
488 2311 833 2357 nostram,quae
850 2301 1016 2344 ibidem
1033 2308 1290 2354 separatum
1311 2297 1551 2351 collegium
1571 2296 1654 2336 iam

25 2363 78 2407 ab
100 2379 218 2407 anno
241 2364 543 2419 praecedente
566 2364 780 2416 habebat,
807 2361 1024 2402 translata
1047 2367 1131 2402 est.

113 2422 227 2480 [12.]
292 2431 328 2465 ³.

114 2495 180 2537 13.
248 2481 432 2525 Parisiis
456 2481 501 2523 in
525 2480 703 2536 proprio
726 2478 938 2534 collegio,
965 2477 1146 2519 scholae
1169 2475 1312 2530 primo
1342 2487 1446 2515 vere
1475 2478 1656 2526 apertae

27 2541 222 2593 fuerunt,
257 2549 302 2585 et
336 2543 397 2585 M.
428 2543 629 2597 Joannes
663 2538 966 2583 Maldonadus
1000 2534 1330 2592 philosophiae,
1367 2534 1427 2574 M.
1464 2530 1655 2574 Michae'l

26 2601 236 2657 Vanegas
256 2601 575 2643 humaniorum
600 2599 850 2642 litterarum
875 2596 1134 2645 lectionem,
1160 2593 1339 2648 publice
1363 2590 1562 2646 profiteri
1587 2603 1656 2630 ce-

27 2670 200 2717 perunt,
226 2668 272 2704 et
301 2661 505 2715 insignes
535 2659 678 2701 habiti
712 2665 835 2709 sunt;
868 2656 913 2698 in
947 2663 1167 2697 autumno
1200 2666 1307 2695 vero
1343 2653 1393 2694 P.
1428 2647 1657 2692 Antonius

27 2719 296 2772 Troncosus,
334 2719 547 2775 logicam,
581 2720 643 2761 M.
675 2717 867 2760 Carolus
897 2714 1115 2770 Sagerius
1145 2712 1328 2754 latinam
1358 2720 1658 2765 graecamque

93 2885 110 2902 ²
162 2876 404 2910 Oblitterata
422 2876 516 2908 sunt
533 2874 628 2907 haec
651 2872 694 2906 in
715 2881 803 2905 mss
828 2877 880 2903 12.
908 2866 1150 2913 Ingolstadii,
1171 2876 1307 2899 cursus
1327 2862 1465 2897 artium
1487 2862 1560 2895 sub
1586 2861 1658 2894 hoc

29 2926 197 2966 tempore
215 2923 431 2964 inchoatus,
454 2926 605 2964 praeter
625 2919 845 2963 theologiae
865 2922 903 2951 et
922 2915 1190 2950 humaniorum
1218 2912 1432 2947 litterarum
1460 2909 1601 2944 latinae
1620 2913 1659 2941 et

25 2979 183 3013 graecae
202 2969 387 3005 lectiones
406 2967 512 3015 prius
530 2966 742 3002 institutas.
