<?xml version="1.0" encoding="UTF-8"?>
<!DOCTYPE html PUBLIC "-//W3C//DTD XHTML 1.0 Transitional//EN"
    "http://www.w3.org/TR/xhtml1/DTD/xhtml1-transitional.dtd">
<html xmlns="http://www.w3.org/1999/xhtml" xml:lang="en" lang="en">
 <head>
  <title>
</title>
<meta http-equiv="Content-Type" content="text/html;charset=utf-8" />
  <meta name='ocr-system' content='tesseract 3.04.00' />
  <meta name='ocr-capabilities' content='ocr_page ocr_carea ocr_par ocr_line ocrx_word'/>
</head>
<body>
  <div class='ocr_page' id='page_1' title='image "./polancicomplemen07pola_0737.png"; bbox 0 0 1891 3292; ppageno 0'>
   <div class='ocr_carea' id='block_1_1' title="bbox 579 206 1612 254">
    <p class='ocr_par' dir='ltr' id='par_1_1' title="bbox 579 206 1612 254">
     <span class='ocr_line' id='line_1_1' title="bbox 579 206 1612 254; baseline 0.003 -13"><span class='ocrx_word' id='word_1_1' title='bbox 579 206 1115 254; x_wconf 77' lang='lat' dir='ltr'><strong>COMMENTARIOLA.—1570</strong></span> <span class='ocrx_word' id='word_1_2' title='bbox 1544 220 1612 254; x_wconf 82' lang='lat'>7¹5</span> 
     </span>
    </p>
   </div>
   <div class='ocr_carea' id='block_1_2' title="bbox 27 308 1666 3086">
    <p class='ocr_par' dir='ltr' id='par_1_2' title="bbox 28 308 1658 425">
     <span class='ocr_line' id='line_1_2' title="bbox 28 308 1658 366; baseline -0.001 -13"><span class='ocrx_word' id='word_1_3' title='bbox 28 310 191 365; x_wconf 80' lang='lat' dir='ltr'>exiguo</span> <span class='ocrx_word' id='word_1_4' title='bbox 214 322 316 350; x_wconf 91' lang='lat' dir='ltr'>cum</span> <span class='ocrx_word' id='word_1_5' title='bbox 341 309 508 358; x_wconf 82' lang='lat' dir='ltr'>fructu,</span> <span class='ocrx_word' id='word_1_6' title='bbox 535 308 802 350; x_wconf 85' lang='lat' dir='ltr'>auctoritate</span> <span class='ocrx_word' id='word_1_7' title='bbox 828 311 879 352; x_wconf 88' lang='lat' dir='ltr'>P.</span> <span class='ocrx_word' id='word_1_8' title='bbox 908 310 1132 364; x_wconf 83' lang='lat' dir='ltr'>generalis</span> <span class='ocrx_word' id='word_1_9' title='bbox 1155 318 1223 352; x_wconf 86' lang='lat' dir='ltr'>est</span> <span class='ocrx_word' id='word_1_10' title='bbox 1247 311 1483 366; x_wconf 85' lang='lat' dir='ltr'>dissoluta,</span> <span class='ocrx_word' id='word_1_11' title='bbox 1506 320 1548 353; x_wconf 84' lang='lat' dir='ltr'>et</span> <span class='ocrx_word' id='word_1_12' title='bbox 1572 313 1658 353; x_wconf 88' lang='lat' dir='ltr'>col-</span> 
     </span>
     <span class='ocr_line' id='line_1_3' title="bbox 29 367 1403 425; baseline -0.007 -14"><span class='ocrx_word' id='word_1_13' title='bbox 29 369 145 425; x_wconf 86' lang='lat' dir='ltr'>legio</span> <span class='ocrx_word' id='word_1_14' title='bbox 168 375 325 410; x_wconf 87' lang='lat' dir='ltr'>nostro</span> <span class='ocrx_word' id='word_1_15' title='bbox 350 367 588 421; x_wconf 85' lang='lat' dir='ltr'>applicata.</span> <span class='ocrx_word' id='word_1_16' title='bbox 1401 403 1403 406; x_wconf 78' lang='grc'><em>,</em></span> 
     </span>
    </p>

    <p class='ocr_par' dir='ltr' id='par_1_3' title="bbox 27 426 1661 773">
     <span class='ocr_line' id='line_1_4' title="bbox 28 426 1660 483; baseline 0.001 -14"><span class='ocrx_word' id='word_1_17' title='bbox 28 474 32 478; x_wconf 55' lang='grc'><strong>,</strong></span> <span class='ocrx_word' id='word_1_18' title='bbox 114 439 185 480; x_wconf 82' lang='grc'>42.</span> <span class='ocrx_word' id='word_1_19' title='bbox 254 427 553 468; x_wconf 86' lang='lat' dir='ltr'>Malacitanus</span> <span class='ocrx_word' id='word_1_20' title='bbox 585 426 837 480; x_wconf 88' lang='lat' dir='ltr'>episcopus,</span> <span class='ocrx_word' id='word_1_21' title='bbox 870 437 912 469; x_wconf 89' lang='lat' dir='ltr'>et</span> <span class='ocrx_word' id='word_1_22' title='bbox 948 428 1040 482; x_wconf 87' lang='lat' dir='ltr'>ipsa</span> <span class='ocrx_word' id='word_1_23' title='bbox 1071 428 1230 470; x_wconf 90' lang='lat' dir='ltr'>ciuitas</span> <span class='ocrx_word' id='word_1_24' title='bbox 1262 429 1502 482; x_wconf 86' lang='lat' dir='ltr'>collegium</span> <span class='ocrx_word' id='word_1_25' title='bbox 1536 429 1660 483; x_wconf 90' lang='lat' dir='ltr'>petiit</span> 
     </span>
     <span class='ocr_line' id='line_1_5' title="bbox 31 485 1659 543; baseline 0.001 -16"><span class='ocrx_word' id='word_1_26' title='bbox 31 501 179 531; x_wconf 75' lang='lat' dir='ltr'>mense</span> <span class='ocrx_word' id='word_1_27' title='bbox 204 487 431 540; x_wconf 88' lang='lat' dir='ltr'>Augusto,</span> <span class='ocrx_word' id='word_1_28' title='bbox 457 485 659 527; x_wconf 84' lang='lat' dir='ltr'>redditus</span> <span class='ocrx_word' id='word_1_29' title='bbox 685 496 768 537; x_wconf 83' lang='lat' dir='ltr'>5oo</span> <span class='ocrx_word' id='word_1_30' title='bbox 792 486 1056 528; x_wconf 77' lang='lat' dir='ltr'>ducatorum</span> <span class='ocrx_word' id='word_1_31' title='bbox 1083 495 1126 527; x_wconf 81' lang='lat' dir='ltr'>et</span> <span class='ocrx_word' id='word_1_32' title='bbox 1156 488 1290 528; x_wconf 89' lang='lat' dir='ltr'>situm</span> <span class='ocrx_word' id='word_1_33' title='bbox 1322 489 1540 530; x_wconf 89' lang='lat' dir='ltr'>offerente</span> <span class='ocrx_word' id='word_1_34' title='bbox 1570 488 1659 543; x_wconf 89' lang='lat' dir='ltr'>epi-</span> 
     </span>
     <span class='ocr_line' id='line_1_6' title="bbox 28 544 1659 600; baseline -0.001 -12"><span class='ocrx_word' id='word_1_35' title='bbox 28 560 179 600; x_wconf 86' lang='lat' dir='ltr'>scopo,</span> <span class='ocrx_word' id='word_1_36' title='bbox 215 552 259 587; x_wconf 91' lang='lat' dir='ltr'>et</span> <span class='ocrx_word' id='word_1_37' title='bbox 284 544 471 599; x_wconf 88' lang='lat' dir='ltr'>priuatis</span> <span class='ocrx_word' id='word_1_38' title='bbox 495 544 763 597; x_wconf 85' lang='lat' dir='ltr'>quibusdam</span> <span class='ocrx_word' id='word_1_39' title='bbox 795 546 996 598; x_wconf 88' lang='lat' dir='ltr'>personis</span> <span class='ocrx_word' id='word_1_40' title='bbox 1020 545 1148 586; x_wconf 85' lang='lat' dir='ltr'>aliam</span> <span class='ocrx_word' id='word_1_41' title='bbox 1174 561 1363 597; x_wconf 81' lang='lat' dir='ltr'>sumam3</span> <span class='ocrx_word' id='word_1_42' title='bbox 1389 547 1467 587; x_wconf 86' lang='lat' dir='ltr'>sed</span> <span class='ocrx_word' id='word_1_43' title='bbox 1491 547 1592 600; x_wconf 87' lang='lat' dir='ltr'>quia</span> <span class='ocrx_word' id='word_1_44' title='bbox 1618 547 1659 587; x_wconf 91' lang='lat' dir='ltr'>in</span> 
     </span>
     <span class='ocr_line' id='line_1_7' title="bbox 27 603 1661 657; baseline 0 -10"><span class='ocrx_word' id='word_1_45' title='bbox 27 605 213 650; x_wconf 85' lang='lat' dir='ltr'>ecclesia</span> <span class='ocrx_word' id='word_1_46' title='bbox 252 618 367 657; x_wconf 90' lang='lat' dir='ltr'>quae</span> <span class='ocrx_word' id='word_1_47' title='bbox 405 603 569 657; x_wconf 81' lang='lat' dir='ltr'>alioqui</span> <span class='ocrx_word' id='word_1_48' title='bbox 607 603 971 645; x_wconf 88' lang='lat' dir='ltr'>commodissimo</span> <span class='ocrx_word' id='word_1_49' title='bbox 1010 605 1052 645; x_wconf 90' lang='lat' dir='ltr'>in</span> <span class='ocrx_word' id='word_1_50' title='bbox 1094 606 1191 646; x_wconf 90' lang='grc'>1000</span> <span class='ocrx_word' id='word_1_51' title='bbox 1229 613 1339 656; x_wconf 88' lang='lat' dir='ltr'>erat,</span> <span class='ocrx_word' id='word_1_52' title='bbox 1392 606 1661 647; x_wconf 87' lang='lat' dir='ltr'>sacellaniae</span> 
     </span>
     <span class='ocr_line' id='line_1_8' title="bbox 30 662 1659 717; baseline -0.001 -11"><span class='ocrx_word' id='word_1_53' title='bbox 30 678 130 707; x_wconf 89' lang='lat' dir='ltr'>cum</span> <span class='ocrx_word' id='word_1_54' title='bbox 161 663 437 717; x_wconf 78' lang='lat' dir='ltr'>obligatione</span> <span class='ocrx_word' id='word_1_55' title='bbox 468 662 703 703; x_wconf 88' lang='lat' dir='ltr'>missarum</span> <span class='ocrx_word' id='word_1_56' title='bbox 735 668 884 704; x_wconf 87' lang='lat' dir='ltr'>essent</span> <span class='ocrx_word' id='word_1_57' title='bbox 914 663 1174 714; x_wconf 73' lang='lat' dir='ltr'>nonnullae,</span> <span class='ocrx_word' id='word_1_58' title='bbox 1207 665 1352 706; x_wconf 87' lang='lat' dir='ltr'>donec</span> <span class='ocrx_word' id='word_1_59' title='bbox 1383 664 1482 706; x_wconf 88' lang='lat' dir='ltr'>illae</span> <span class='ocrx_word' id='word_1_60' title='bbox 1516 666 1659 706; x_wconf 83' lang='lat' dir='ltr'>aufer—</span> 
     </span>
     <span class='ocr_line' id='line_1_9' title="bbox 29 721 690 773; baseline -0.008 -7"><span class='ocrx_word' id='word_1_61' title='bbox 29 731 198 773; x_wconf 83' lang='lat' dir='ltr'>rentur,</span> <span class='ocrx_word' id='word_1_62' title='bbox 225 736 314 763; x_wconf 91' lang='lat' dir='ltr'>non</span> <span class='ocrx_word' id='word_1_63' title='bbox 338 730 405 763; x_wconf 89' lang='lat' dir='ltr'>est</span> <span class='ocrx_word' id='word_1_64' title='bbox 429 721 690 762; x_wconf 86' lang='lat' dir='ltr'>admissum.</span> 
     </span>
    </p>

    <p class='ocr_par' dir='ltr' id='par_1_4' title="bbox 29 779 1660 1129">
     <span class='ocr_line' id='line_1_10' title="bbox 115 779 1648 835; baseline -0.001 -11"><span class='ocrx_word' id='word_1_65' title='bbox 115 793 189 835; x_wconf 83' lang='lat'>43.</span> <span class='ocrx_word' id='word_1_66' title='bbox 254 781 350 824; x_wconf 85' lang='lat' dir='ltr'>Sub</span> <span class='ocrx_word' id='word_1_67' title='bbox 379 781 514 822; x_wconf 89' lang='lat' dir='ltr'>finem</span> <span class='ocrx_word' id='word_1_68' title='bbox 544 779 679 821; x_wconf 90' lang='lat' dir='ltr'>huius</span> <span class='ocrx_word' id='word_1_69' title='bbox 707 780 890 822; x_wconf 88' lang='lat' dir='ltr'>aestatis</span> <span class='ocrx_word' id='word_1_70' title='bbox 920 782 1102 823; x_wconf 90' lang='lat' dir='ltr'>scholae</span> <span class='ocrx_word' id='word_1_71' title='bbox 1130 782 1378 823; x_wconf 85' lang='lat' dir='ltr'>litterarum</span> <span class='ocrx_word' id='word_1_72' title='bbox 1415 783 1648 823; x_wconf 31' lang='lat' dir='ltr'>humanio*</span> 
     </span>
     <span class='ocr_line' id='line_1_11' title="bbox 30 839 1660 895; baseline 0 -11"><span class='ocrx_word' id='word_1_73' title='bbox 30 855 140 892; x_wconf 88' lang='lat' dir='ltr'>rum,</span> <span class='ocrx_word' id='word_1_74' title='bbox 167 854 282 894; x_wconf 88' lang='lat' dir='ltr'>quae</span> <span class='ocrx_word' id='word_1_75' title='bbox 305 839 579 893; x_wconf 75' lang='lat' dir='ltr'>aliquamdiu</span> <span class='ocrx_word' id='word_1_76' title='bbox 604 840 782 880; x_wconf 86' lang='lat' dir='ltr'>fuerant</span> <span class='ocrx_word' id='word_1_77' title='bbox 801 840 1030 891; x_wconf 76' lang='lat' dir='ltr'>Segobiae</span> <span class='ocrx_word' id='word_1_78' title='bbox 1054 855 1144 881; x_wconf 90' lang='lat' dir='ltr'>non</span> <span class='ocrx_word' id='word_1_79' title='bbox 1169 840 1265 883; x_wconf 90' lang='lat' dir='ltr'>sine</span> <span class='ocrx_word' id='word_1_80' title='bbox 1290 842 1437 882; x_wconf 84' lang='lat' dir='ltr'>fructu</span> <span class='ocrx_word' id='word_1_81' title='bbox 1463 850 1660 895; x_wconf 69' lang='lat' dir='ltr'>apertae.</span> 
     </span>
     <span class='ocr_line' id='line_1_12' title="bbox 30 898 1659 954; baseline -0.002 -11"><span class='ocrx_word' id='word_1_82' title='bbox 30 900 230 943; x_wconf 79' lang='lat' dir='ltr'>sublatae</span> <span class='ocrx_word' id='word_1_83' title='bbox 255 900 454 950; x_wconf 81' lang='lat' dir='ltr'>fuerunt3</span> <span class='ocrx_word' id='word_1_84' title='bbox 482 899 603 952; x_wconf 89' lang='lat' dir='ltr'>quod</span> <span class='ocrx_word' id='word_1_85' title='bbox 627 898 804 948; x_wconf 85' lang='lat' dir='ltr'>ciuitas,</span> <span class='ocrx_word' id='word_1_86' title='bbox 830 900 897 940; x_wconf 88' lang='lat' dir='ltr'>vel</span> <span class='ocrx_word' id='word_1_87' title='bbox 921 899 1057 952; x_wconf 88' lang='lat' dir='ltr'>aliqui</span> <span class='ocrx_word' id='word_1_88' title='bbox 1081 914 1136 941; x_wconf 83' lang='lat' dir='ltr'>ex</span> <span class='ocrx_word' id='word_1_89' title='bbox 1161 915 1227 950; x_wconf 83' lang='lat' dir='ltr'>ea,</span> <span class='ocrx_word' id='word_1_90' title='bbox 1262 900 1325 941; x_wconf 90' lang='lat' dir='ltr'>sic</span> <span class='ocrx_word' id='word_1_91' title='bbox 1356 915 1402 941; x_wconf 87' lang='lat' dir='ltr'>se</span> <span class='ocrx_word' id='word_1_92' title='bbox 1433 908 1659 954; x_wconf 59' lang='lat' dir='ltr'>gererent,</span> 
     </span>
     <span class='ocr_line' id='line_1_13' title="bbox 29 958 1660 1012; baseline -0.002 -11"><span class='ocrx_word' id='word_1_93' title='bbox 29 959 160 1002; x_wconf 84' lang='lat' dir='ltr'>alium</span> <span class='ocrx_word' id='word_1_94' title='bbox 198 959 439 1012; x_wconf 82' lang='lat' dir='ltr'>quemdam</span> <span class='ocrx_word' id='word_1_95' title='bbox 477 965 811 1012; x_wconf 79' lang='lat' dir='ltr'>praeceptorem</span> <span class='ocrx_word' id='word_1_96' title='bbox 848 958 1023 1010; x_wconf 86' lang='lat' dir='ltr'>publice</span> <span class='ocrx_word' id='word_1_97' title='bbox 1057 959 1370 1003; x_wconf 84' lang='lat' dir='ltr'>conducendo,</span> <span class='ocrx_word' id='word_1_98' title='bbox 1407 969 1448 999; x_wconf 92' lang='lat' dir='ltr'>et</span> <span class='ocrx_word' id='word_1_99' title='bbox 1480 960 1660 999; x_wconf 80' lang='lat' dir='ltr'>domum</span> 
     </span>
     <span class='ocr_line' id='line_1_14' title="bbox 29 1016 1660 1071; baseline -0.002 -10"><span class='ocrx_word' id='word_1_100' title='bbox 29 1018 191 1061; x_wconf 88' lang='lat' dir='ltr'>scholis</span> <span class='ocrx_word' id='word_1_101' title='bbox 214 1017 512 1060; x_wconf 87' lang='lat' dir='ltr'>necessariam</span> <span class='ocrx_word' id='word_1_102' title='bbox 536 1017 669 1059; x_wconf 88' lang='lat' dir='ltr'>vendi</span> <span class='ocrx_word' id='word_1_103' title='bbox 691 1016 882 1071; x_wconf 88' lang='lat' dir='ltr'>collegio</span> <span class='ocrx_word' id='word_1_104' title='bbox 907 1031 996 1057; x_wconf 94' lang='lat' dir='ltr'>non</span> <span class='ocrx_word' id='word_1_105' title='bbox 1024 1018 1340 1071; x_wconf 87' lang='lat' dir='ltr'>permittendo,</span> <span class='ocrx_word' id='word_1_106' title='bbox 1369 1025 1414 1058; x_wconf 80' lang='lat' dir='ltr'>vt</span> <span class='ocrx_word' id='word_1_107' title='bbox 1434 1033 1521 1059; x_wconf 91' lang='lat' dir='ltr'>non</span> <span class='ocrx_word' id='word_1_108' title='bbox 1542 1018 1660 1058; x_wconf 88' lang='lat' dir='ltr'>vide-</span> 
     </span>
     <span class='ocr_line' id='line_1_15' title="bbox 30 1076 1208 1129; baseline -0.003 -9"><span class='ocrx_word' id='word_1_109' title='bbox 30 1084 182 1120; x_wconf 88' lang='lat' dir='ltr'>rentur</span> <span class='ocrx_word' id='word_1_110' title='bbox 208 1077 345 1118; x_wconf 87' lang='lat' dir='ltr'>huius</span> <span class='ocrx_word' id='word_1_111' title='bbox 368 1077 622 1118; x_wconf 91' lang='lat' dir='ltr'>scholarum</span> <span class='ocrx_word' id='word_1_112' title='bbox 650 1076 918 1118; x_wconf 81' lang='lat' dir='ltr'>beneficium</span> <span class='ocrx_word' id='word_1_113' title='bbox 944 1090 1208 1129; x_wconf 75' lang='lat' dir='ltr'>agnoscere.</span> 
     </span>
    </p>

    <p class='ocr_par' dir='ltr' id='par_1_5' title="bbox 28 1134 1662 1368">
     <span class='ocr_line' id='line_1_16' title="bbox 114 1134 1662 1189; baseline -0.001 -11"><span class='ocrx_word' id='word_1_114' title='bbox 114 1148 185 1189; x_wconf 84' lang='lat'>44.</span> <span class='ocrx_word' id='word_1_115' title='bbox 254 1136 338 1179; x_wconf 88' lang='lat' dir='ltr'>Die</span> <span class='ocrx_word' id='word_1_116' title='bbox 362 1144 451 1178; x_wconf 64' lang='grc' dir='ltr'>10.ἓι</span> <span class='ocrx_word' id='word_1_117' title='bbox 469 1135 750 1189; x_wconf 77' lang='lat' dir='ltr'>Septembris</span> <span class='ocrx_word' id='word_1_118' title='bbox 768 1136 810 1176; x_wconf 90' lang='lat' dir='ltr'>in</span> <span class='ocrx_word' id='word_1_119' title='bbox 835 1135 1028 1189; x_wconf 87' lang='lat' dir='ltr'>collegio</span> <span class='ocrx_word' id='word_1_120' title='bbox 1049 1134 1332 1176; x_wconf 89' lang='lat' dir='ltr'>maioricensi</span> <span class='ocrx_word' id='word_1_121' title='bbox 1352 1136 1536 1176; x_wconf 87' lang='lat' dir='ltr'>scholae</span> <span class='ocrx_word' id='word_1_122' title='bbox 1561 1148 1662 1189; x_wconf 87' lang='lat' dir='ltr'>ape-</span> 
     </span>
     <span class='ocr_line' id='line_1_17' title="bbox 29 1193 1642 1250; baseline -0.002 -13"><span class='ocrx_word' id='word_1_123' title='bbox 29 1195 102 1237; x_wconf 89' lang='lat' dir='ltr'>riri</span> <span class='ocrx_word' id='word_1_124' title='bbox 124 1204 387 1250; x_wconf 89' lang='lat' dir='ltr'>coeperunt,</span> <span class='ocrx_word' id='word_1_125' title='bbox 415 1202 459 1238; x_wconf 90' lang='lat' dir='ltr'>et</span> <span class='ocrx_word' id='word_1_126' title='bbox 481 1195 625 1236; x_wconf 87' lang='lat' dir='ltr'>adfuit</span> <span class='ocrx_word' id='word_1_127' title='bbox 649 1209 810 1249; x_wconf 87' lang='lat' dir='ltr'>prorex</span> <span class='ocrx_word' id='word_1_128' title='bbox 834 1194 997 1248; x_wconf 79' lang='lat' dir='ltr'>aliique</span> <span class='ocrx_word' id='word_1_129' title='bbox 1027 1194 1199 1236; x_wconf 83' lang='lat' dir='ltr'>nobiles</span> <span class='ocrx_word' id='word_1_130' title='bbox 1228 1193 1469 1236; x_wconf 82' lang='lat' dir='ltr'>lectionum</span> <span class='ocrx_word' id='word_1_131' title='bbox 1501 1194 1642 1248; x_wconf 89' lang='lat' dir='ltr'>princi</span> 
     </span>
     <span class='ocr_line' id='line_1_18' title="bbox 32 1253 1660 1310; baseline -0.001 -15"><span class='ocrx_word' id='word_1_132' title='bbox 32 1254 125 1310; x_wconf 90' lang='lat' dir='ltr'>piis.</span> <span class='ocrx_word' id='word_1_133' title='bbox 163 1254 337 1309; x_wconf 87' lang='lat' dir='ltr'>Templi</span> <span class='ocrx_word' id='word_1_134' title='bbox 371 1255 504 1296; x_wconf 89' lang='lat' dir='ltr'>etiam</span> <span class='ocrx_word' id='word_1_135' title='bbox 541 1254 736 1295; x_wconf 88' lang='lat' dir='ltr'>inchoati</span> <span class='ocrx_word' id='word_1_136' title='bbox 772 1268 887 1308; x_wconf 89' lang='lat' dir='ltr'>opus</span> <span class='ocrx_word' id='word_1_137' title='bbox 921 1262 964 1296; x_wconf 87' lang='lat' dir='ltr'>et</span> <span class='ocrx_word' id='word_1_138' title='bbox 994 1253 1164 1295; x_wconf 87' lang='lat' dir='ltr'>dotatio</span> <span class='ocrx_word' id='word_1_139' title='bbox 1194 1253 1372 1306; x_wconf 80' lang='lat' dir='ltr'>collegii</span> <span class='ocrx_word' id='word_1_140' title='bbox 1403 1264 1469 1296; x_wconf 82' lang='lat' dir='ltr'>est</span> <span class='ocrx_word' id='word_1_141' title='bbox 1513 1260 1660 1299; x_wconf 81' lang='lat' dir='ltr'>aucta;</span> 
     </span>
     <span class='ocr_line' id='line_1_19' title="bbox 28 1312 1346 1368; baseline -0.002 -11"><span class='ocrx_word' id='word_1_142' title='bbox 28 1314 184 1357; x_wconf 85' lang='lat' dir='ltr'>schola</span> <span class='ocrx_word' id='word_1_143' title='bbox 207 1328 316 1356; x_wconf 88' lang='lat' dir='ltr'>vero</span> <span class='ocrx_word' id='word_1_144' title='bbox 341 1327 609 1368; x_wconf 87' lang='lat' dir='ltr'>progressus</span> <span class='ocrx_word' id='word_1_145' title='bbox 634 1328 722 1354; x_wconf 90' lang='lat' dir='ltr'>non</span> <span class='ocrx_word' id='word_1_146' title='bbox 749 1313 1048 1367; x_wconf 90' lang='lat' dir='ltr'>poenitendos</span> <span class='ocrx_word' id='word_1_147' title='bbox 1070 1312 1198 1354; x_wconf 91' lang='lat' dir='ltr'>breui</span> <span class='ocrx_word' id='word_1_148' title='bbox 1225 1312 1346 1354; x_wconf 83' lang='lat' dir='ltr'>fecit.</span> 
     </span>
    </p>

    <p class='ocr_par' dir='ltr' id='par_1_6' title="bbox 31 1363 1663 1487">
     <span class='ocr_line' id='line_1_20' title="bbox 115 1363 1663 1428; baseline -0.001 -15"><span class='ocrx_word' id='word_1_149' title='bbox 115 1383 187 1426; x_wconf 87' lang='lat'>45.</span> <span class='ocrx_word' id='word_1_150' title='bbox 257 1375 303 1415; x_wconf 88' lang='lat' dir='ltr'>In</span> <span class='ocrx_word' id='word_1_151' title='bbox 328 1372 539 1427; x_wconf 75' lang='lat' dir='ltr'>collegio&#39;</span> <span class='ocrx_word' id='word_1_152' title='bbox 564 1372 826 1427; x_wconf 79' lang='lat' dir='ltr'>granatensi</span> <span class='ocrx_word' id='word_1_153' title='bbox 856 1372 951 1428; x_wconf 76' lang='lat' dir='ltr'>19.a</span> <span class='ocrx_word' id='word_1_154' title='bbox 982 1363 1196 1414; x_wconf 79' lang='lat' dir='ltr'>Octobris</span> <span class='ocrx_word' id='word_1_155' title='bbox 1228 1371 1483 1426; x_wconf 85' lang='lat' dir='ltr'>theologiae</span> <span class='ocrx_word' id='word_1_156' title='bbox 1514 1371 1663 1412; x_wconf 81' lang='lat' dir='ltr'>lectio-</span> 
     </span>
     <span class='ocr_line' id='line_1_21' title="bbox 31 1432 619 1487; baseline -0.003 -13"><span class='ocrx_word' id='word_1_157' title='bbox 31 1446 108 1474; x_wconf 87' lang='lat' dir='ltr'>nes</span> <span class='ocrx_word' id='word_1_158' title='bbox 132 1432 333 1487; x_wconf 84' lang='lat' dir='ltr'>praelegi</span> <span class='ocrx_word' id='word_1_159' title='bbox 356 1439 619 1487; x_wconf 88' lang='lat' dir='ltr'>coeperunt.</span> 
     </span>
    </p>

    <p class='ocr_par' dir='ltr' id='par_1_7' title="bbox 31 1489 1666 1782">
     <span class='ocr_line' id='line_1_22' title="bbox 115 1489 1666 1544; baseline -0.005 -10"><span class='ocrx_word' id='word_1_160' title='bbox 115 1492 187 1544; x_wconf 76' lang='grc'>46.</span> <span class='ocrx_word' id='word_1_161' title='bbox 256 1491 406 1534; x_wconf 90' lang='lat' dir='ltr'>Huius</span> <span class='ocrx_word' id='word_1_162' title='bbox 450 1491 614 1534; x_wconf 89' lang='lat' dir='ltr'>estatis</span> <span class='ocrx_word' id='word_1_163' title='bbox 653 1490 779 1531; x_wconf 90' lang='lat' dir='ltr'>initio</span> <span class='ocrx_word' id='word_1_164' title='bbox 823 1489 1056 1533; x_wconf 84' lang='lat' dir='ltr'>huetensis</span> <span class='ocrx_word' id='word_1_165' title='bbox 1100 1490 1279 1544; x_wconf 86' lang='lat' dir='ltr'>collegii</span> <span class='ocrx_word' id='word_1_166' title='bbox 1325 1489 1537 1530; x_wconf 86' lang='lat' dir='ltr'>fundator</span> <span class='ocrx_word' id='word_1_167' title='bbox 1584 1499 1666 1541; x_wconf 80' lang='grc'>500</span> 
     </span>
     <span class='ocr_line' id='line_1_23' title="bbox 31 1547 1663 1604; baseline -0.004 -11"><span class='ocrx_word' id='word_1_168' title='bbox 31 1551 198 1593; x_wconf 88' lang='lat' dir='ltr'>addidit</span> <span class='ocrx_word' id='word_1_169' title='bbox 222 1565 382 1593; x_wconf 86' lang='lat' dir='ltr'>aureos</span> <span class='ocrx_word' id='word_1_170' title='bbox 406 1551 543 1591; x_wconf 90' lang='lat' dir='ltr'>annui</span> <span class='ocrx_word' id='word_1_171' title='bbox 570 1550 771 1592; x_wconf 89' lang='lat' dir='ltr'>redditus</span> <span class='ocrx_word' id='word_1_172' title='bbox 795 1564 877 1591; x_wconf 87' lang='lat' dir='ltr'>suo</span> <span class='ocrx_word' id='word_1_173' title='bbox 901 1549 1108 1604; x_wconf 82' lang='lat' dir='ltr'>collegi03</span> <span class='ocrx_word' id='word_1_174' title='bbox 1135 1558 1178 1592; x_wconf 87' lang='lat' dir='ltr'>et</span> <span class='ocrx_word' id='word_1_175' title='bbox 1202 1564 1225 1590; x_wconf 92' lang='lat' dir='ltr'>a</span> <span class='ocrx_word' id='word_1_176' title='bbox 1258 1551 1307 1592; x_wconf 80' lang='lat' dir='ltr'>P.</span> <span class='ocrx_word' id='word_1_177' title='bbox 1336 1547 1535 1603; x_wconf 86' lang='lat' dir='ltr'>generali</span> <span class='ocrx_word' id='word_1_178' title='bbox 1559 1561 1663 1588; x_wconf 88' lang='lat' dir='ltr'>con-</span> 
     </span>
     <span class='ocr_line' id='line_1_24' title="bbox 32 1608 1663 1664; baseline -0.004 -12"><span class='ocrx_word' id='word_1_179' title='bbox 32 1610 235 1652; x_wconf 85' lang='lat' dir='ltr'>stitutum</span> <span class='ocrx_word' id='word_1_180' title='bbox 263 1618 347 1664; x_wconf 87' lang='lat' dir='ltr'>est,</span> <span class='ocrx_word' id='word_1_181' title='bbox 379 1617 425 1651; x_wconf 87' lang='lat' dir='ltr'>vt</span> <span class='ocrx_word' id='word_1_182' title='bbox 455 1609 665 1664; x_wconf 90' lang='lat' dir='ltr'>quamuis</span> <span class='ocrx_word' id='word_1_183' title='bbox 695 1609 856 1650; x_wconf 91' lang='lat' dir='ltr'>domus</span> <span class='ocrx_word' id='word_1_184' title='bbox 886 1608 1139 1650; x_wconf 87' lang='lat' dir='ltr'>aedificatio</span> <span class='ocrx_word' id='word_1_185' title='bbox 1170 1609 1377 1649; x_wconf 87' lang='lat' dir='ltr'>absoluta</span> <span class='ocrx_word' id='word_1_186' title='bbox 1408 1621 1498 1647; x_wconf 90' lang='lat' dir='ltr'>non</span> <span class='ocrx_word' id='word_1_187' title='bbox 1532 1613 1663 1656; x_wconf 89' lang='lat' dir='ltr'>esset,</span> 
     </span>
     <span class='ocr_line' id='line_1_25' title="bbox 31 1665 1665 1723; baseline -0.004 -12"><span class='ocrx_word' id='word_1_188' title='bbox 31 1669 165 1723; x_wconf 85' lang='lat' dir='ltr'>aliqui</span> <span class='ocrx_word' id='word_1_189' title='bbox 189 1684 244 1711; x_wconf 85' lang='lat' dir='ltr'>ex</span> <span class='ocrx_word' id='word_1_190' title='bbox 276 1669 441 1710; x_wconf 88' lang='lat' dir='ltr'>nostris</span> <span class='ocrx_word' id='word_1_191' title='bbox 469 1669 635 1711; x_wconf 82' lang='lat' dir='ltr'>ibidem</span> <span class='ocrx_word' id='word_1_192' title='bbox 668 1668 932 1717; x_wconf 75' lang='lat' dir='ltr'>residerent,</span> <span class='ocrx_word' id='word_1_193' title='bbox 968 1675 1012 1710; x_wconf 93' lang='lat' dir='ltr'>et</span> <span class='ocrx_word' id='word_1_194' title='bbox 1043 1668 1085 1708; x_wconf 92' lang='lat' dir='ltr'>in</span> <span class='ocrx_word' id='word_1_195' title='bbox 1117 1668 1307 1722; x_wconf 88' lang='lat' dir='ltr'>gratiam</span> <span class='ocrx_word' id='word_1_196' title='bbox 1343 1665 1592 1707; x_wconf 87' lang='lat' dir='ltr'>fundatoris</span> <span class='ocrx_word' id='word_1_197' title='bbox 1623 1674 1665 1707; x_wconf 90' lang='lat' dir='ltr'>et</span> 
     </span>
     <span class='ocr_line' id='line_1_26' title="bbox 31 1727 1060 1782; baseline -0.002 -11"><span class='ocrx_word' id='word_1_198' title='bbox 31 1728 241 1782; x_wconf 89' lang='lat' dir='ltr'>ciuitatis,</span> <span class='ocrx_word' id='word_1_199' title='bbox 268 1728 394 1770; x_wconf 87' lang='lat' dir='ltr'>initia</span> <span class='ocrx_word' id='word_1_200' title='bbox 419 1729 675 1770; x_wconf 89' lang='lat' dir='ltr'>scholarum</span> <span class='ocrx_word' id='word_1_201' title='bbox 700 1736 806 1769; x_wconf 90' lang='lat' dir='ltr'>sunt</span> <span class='ocrx_word' id='word_1_202' title='bbox 832 1727 1060 1782; x_wconf 89' lang='lat' dir='ltr'>permissa.</span> 
     </span>
    </p>

    <p class='ocr_par' dir='ltr' id='par_1_8' title="bbox 30 1784 1666 2080">
     <span class='ocr_line' id='line_1_27' title="bbox 116 1784 1661 1842; baseline -0.004 -12"><span class='ocrx_word' id='word_1_203' title='bbox 116 1799 187 1841; x_wconf 82' lang='lat'>47.</span> <span class='ocrx_word' id='word_1_204' title='bbox 256 1788 425 1830; x_wconf 86' lang='lat' dir='ltr'>Eodem</span> <span class='ocrx_word' id='word_1_205' title='bbox 452 1789 544 1831; x_wconf 90' lang='lat' dir='ltr'>fere</span> <span class='ocrx_word' id='word_1_206' title='bbox 570 1796 769 1842; x_wconf 88' lang='lat' dir='ltr'>tempore</span> <span class='ocrx_word' id='word_1_207' title='bbox 798 1787 994 1828; x_wconf 88' lang='lat' dir='ltr'>instante</span> <span class='ocrx_word' id='word_1_208' title='bbox 1020 1787 1137 1828; x_wconf 81' lang='lat'>111.¹1¹0</span> <span class='ocrx_word' id='word_1_209' title='bbox 1162 1784 1325 1827; x_wconf 91' lang='lat' dir='ltr'>comite</span> <span class='ocrx_word' id='word_1_210' title='bbox 1356 1784 1410 1825; x_wconf 81' lang='lat' dir='ltr'>de</span> <span class='ocrx_word' id='word_1_211' title='bbox 1440 1784 1661 1837; x_wconf 84' lang='lat' dir='ltr'>Oropesa.</span> 
     </span>
     <span class='ocr_line' id='line_1_28' title="bbox 31 1841 1663 1902; baseline -0.004 -13"><span class='ocrx_word' id='word_1_212' title='bbox 31 1853 75 1890; x_wconf 89' lang='lat' dir='ltr'>et</span> <span class='ocrx_word' id='word_1_213' title='bbox 96 1847 140 1889; x_wconf 90' lang='lat' dir='ltr'>in</span> <span class='ocrx_word' id='word_1_214' title='bbox 164 1848 355 1902; x_wconf 88' lang='lat' dir='ltr'>gratiam</span> <span class='ocrx_word' id='word_1_215' title='bbox 383 1849 437 1889; x_wconf 90' lang='lat' dir='ltr'>D.</span> <span class='ocrx_word' id='word_1_216' title='bbox 471 1847 698 1889; x_wconf 89' lang='lat' dir='ltr'>Francisci</span> <span class='ocrx_word' id='word_1_217' title='bbox 729 1847 784 1888; x_wconf 93' lang='lat' dir='ltr'>de</span> <span class='ocrx_word' id='word_1_218' title='bbox 815 1846 987 1888; x_wconf 87' lang='lat' dir='ltr'>Toledo</span> <span class='ocrx_word' id='word_1_219' title='bbox 1017 1848 1220 1900; x_wconf 84' lang='lat' dir='ltr'>proregis</span> <span class='ocrx_word' id='word_1_220' title='bbox 1252 1846 1386 1890; x_wconf 79' lang='lat' dir='ltr'>Peru,</span> <span class='ocrx_word' id='word_1_221' title='bbox 1421 1841 1663 1884; x_wconf 85' lang='lat' dir='ltr'>admissum</span> 
     </span>
     <span class='ocr_line' id='line_1_29' title="bbox 30 1902 1666 1971; baseline -0.004 -24"><span class='ocrx_word' id='word_1_222' title='bbox 30 1913 95 1971; x_wconf 50' lang='lat' dir='ltr'>estt</span> <span class='ocrx_word' id='word_1_223' title='bbox 123 1907 166 1949; x_wconf 91' lang='lat' dir='ltr'>in</span> <span class='ocrx_word' id='word_1_224' title='bbox 196 1921 353 1949; x_wconf 90' lang='lat' dir='ltr'>eorum</span> <span class='ocrx_word' id='word_1_225' title='bbox 385 1906 550 1961; x_wconf 84' lang='lat' dir='ltr'>oppido</span> <span class='ocrx_word' id='word_1_226' title='bbox 582 1906 841 1959; x_wconf 85' lang='lat' dir='ltr'>collegium,</span> <span class='ocrx_word' id='word_1_227' title='bbox 874 1919 976 1946; x_wconf 90' lang='lat' dir='ltr'>cum</span> <span class='ocrx_word' id='word_1_228' title='bbox 1012 1903 1224 1945; x_wconf 90' lang='lat' dir='ltr'>mediocri</span> <span class='ocrx_word' id='word_1_229' title='bbox 1254 1903 1533 1951; x_wconf 80' lang='lat' dir='ltr'>fundatione,</span> <span class='ocrx_word' id='word_1_230' title='bbox 1568 1902 1666 1955; x_wconf 87' lang='lat' dir='ltr'>plus</span> 
     </span>
     <span class='ocr_line' id='line_1_30' title="bbox 31 1960 1663 2019; baseline -0.004 -12"><span class='ocrx_word' id='word_1_231' title='bbox 31 1980 175 2007; x_wconf 85' lang='lat' dir='ltr'>minus</span> <span class='ocrx_word' id='word_1_232' title='bbox 200 1976 284 2019; x_wconf 81' lang='lat'>500</span> <span class='ocrx_word' id='word_1_233' title='bbox 307 1967 572 2007; x_wconf 89' lang='lat' dir='ltr'>ducatorum</span> <span class='ocrx_word' id='word_1_234' title='bbox 598 1965 735 2007; x_wconf 89' lang='lat' dir='ltr'>annui</span> <span class='ocrx_word' id='word_1_235' title='bbox 759 1964 977 2014; x_wconf 88' lang='lat' dir='ltr'>redditus,</span> <span class='ocrx_word' id='word_1_236' title='bbox 1005 1972 1048 2006; x_wconf 87' lang='lat' dir='ltr'>et</span> <span class='ocrx_word' id='word_1_237' title='bbox 1073 1962 1209 2017; x_wconf 82' lang='lat' dir='ltr'>aliqui</span> <span class='ocrx_word' id='word_1_238' title='bbox 1229 1977 1284 2004; x_wconf 86' lang='lat' dir='ltr'>ex</span> <span class='ocrx_word' id='word_1_239' title='bbox 1308 1961 1474 2003; x_wconf 85' lang='lat' dir='ltr'>nostris</span> <span class='ocrx_word' id='word_1_240' title='bbox 1492 1975 1545 2002; x_wconf 85' lang='lat' dir='ltr'>eo</span> <span class='ocrx_word' id='word_1_241' title='bbox 1564 1960 1663 2001; x_wconf 90' lang='lat' dir='ltr'>mis-</span> 
     </span>
     <span class='ocr_line' id='line_1_31' title="bbox 31 2023 1339 2080; baseline -0.002 -14"><span class='ocrx_word' id='word_1_242' title='bbox 31 2024 81 2078; x_wconf 38' lang='lat' dir='ltr'>si..</span> <span class='ocrx_word' id='word_1_243' title='bbox 107 2026 420 2080; x_wconf 87' lang='lat' dir='ltr'>Augmentum</span> <span class='ocrx_word' id='word_1_244' title='bbox 444 2040 469 2067; x_wconf 89' lang='lat' dir='ltr'>a</span> <span class='ocrx_word' id='word_1_245' title='bbox 495 2027 547 2067; x_wconf 89' lang='lat' dir='ltr'>D.</span> <span class='ocrx_word' id='word_1_246' title='bbox 577 2023 820 2067; x_wconf 86' lang='lat' dir='ltr'>Francisco</span> <span class='ocrx_word' id='word_1_247' title='bbox 845 2038 1066 2078; x_wconf 90' lang='lat' dir='ltr'>magnum</span> <span class='ocrx_word' id='word_1_248' title='bbox 1092 2028 1339 2077; x_wconf 87' lang='lat' dir='ltr'>spectatur.</span> 
     </span>
    </p>

    <p class='ocr_par' dir='ltr' id='par_1_9' title="bbox 31 2079 1666 2317">
     <span class='ocr_line' id='line_1_32' title="bbox 114 2079 1666 2138; baseline -0.005 -12"><span class='ocrx_word' id='word_1_249' title='bbox 114 2085 185 2137; x_wconf 83' lang='lat'>48.</span> <span class='ocrx_word' id='word_1_250' title='bbox 253 2086 349 2127; x_wconf 89' lang='lat' dir='ltr'>Sub</span> <span class='ocrx_word' id='word_1_251' title='bbox 372 2085 488 2126; x_wconf 91' lang='lat' dir='ltr'>idem</span> <span class='ocrx_word' id='word_1_252' title='bbox 515 2092 691 2138; x_wconf 89' lang='lat' dir='ltr'>tempus</span> <span class='ocrx_word' id='word_1_253' title='bbox 728 2083 1001 2125; x_wconf 86' lang='lat' dir='ltr'>Vniuersitas</span> <span class='ocrx_word' id='word_1_254' title='bbox 1042 2079 1428 2123; x_wconf 86' lang='lat' dir='ltr'>salamanticensis</span> <span class='ocrx_word' id='word_1_255' title='bbox 1462 2087 1666 2119; x_wconf 87' lang='lat' dir='ltr'>nostrum</span> 
     </span>
     <span class='ocr_line' id='line_1_33' title="bbox 31 2136 1664 2196; baseline -0.004 -12"><span class='ocrx_word' id='word_1_256' title='bbox 31 2143 267 2196; x_wconf 83' lang='lat' dir='ltr'>collegium</span> <span class='ocrx_word' id='word_1_257' title='bbox 292 2151 341 2184; x_wconf 89' lang='lat' dir='ltr'>vt</span> <span class='ocrx_word' id='word_1_258' title='bbox 365 2158 474 2185; x_wconf 85' lang='lat' dir='ltr'>suae</span> <span class='ocrx_word' id='word_1_259' title='bbox 499 2143 758 2185; x_wconf 88' lang='lat' dir='ltr'>academiae</span> <span class='ocrx_word' id='word_1_260' title='bbox 783 2143 1036 2184; x_wconf 77' lang='lat' dir='ltr'>membrum</span> <span class='ocrx_word' id='word_1_261' title='bbox 1062 2140 1280 2191; x_wconf 89' lang='lat' dir='ltr'>admissit,</span> <span class='ocrx_word' id='word_1_262' title='bbox 1313 2139 1408 2181; x_wconf 90' lang='lat' dir='ltr'>sine</span> <span class='ocrx_word' id='word_1_263' title='bbox 1442 2138 1529 2178; x_wconf 87' lang='lat' dir='ltr'>vlla</span> <span class='ocrx_word' id='word_1_264' title='bbox 1558 2136 1664 2178; x_wconf 84' lang='lat' dir='ltr'>obli-</span> 
     </span>
     <span class='ocr_line' id='line_1_34' title="bbox 35 2197 1664 2258; baseline -0.006 -13"><span class='ocrx_word' id='word_1_265' title='bbox 35 2203 233 2256; x_wconf 81' lang='lat' dir='ltr'>gatione,</span> <span class='ocrx_word' id='word_1_266' title='bbox 259 2211 304 2245; x_wconf 89' lang='lat' dir='ltr'>et</span> <span class='ocrx_word' id='word_1_267' title='bbox 327 2217 539 2258; x_wconf 87' lang='lat' dir='ltr'>expresse</span> <span class='ocrx_word' id='word_1_268' title='bbox 562 2217 618 2245; x_wconf 90' lang='lat' dir='ltr'>ne</span> <span class='ocrx_word' id='word_1_269' title='bbox 648 2202 876 2257; x_wconf 86' lang='lat' dir='ltr'>suffragiis</span> <span class='ocrx_word' id='word_1_270' title='bbox 900 2202 956 2243; x_wconf 89' lang='lat' dir='ltr'>ad</span> <span class='ocrx_word' id='word_1_271' title='bbox 985 2200 1228 2244; x_wconf 89' lang='lat' dir='ltr'>electiones</span> <span class='ocrx_word' id='word_1_272' title='bbox 1258 2200 1475 2242; x_wconf 88' lang='lat' dir='ltr'>lectorum</span> <span class='ocrx_word' id='word_1_273' title='bbox 1506 2212 1554 2239; x_wconf 89' lang='lat' dir='ltr'>se</span> <span class='ocrx_word' id='word_1_274' title='bbox 1588 2197 1664 2237; x_wconf 88' lang='lat' dir='ltr'>im-</span> 
     </span>
     <span class='ocr_line' id='line_1_35' title="bbox 32 2261 829 2317; baseline -0.001 -14"><span class='ocrx_word' id='word_1_275' title='bbox 32 2261 217 2304; x_wconf 85' lang='lat' dir='ltr'>miscere</span> <span class='ocrx_word' id='word_1_276' title='bbox 240 2271 515 2317; x_wconf 82' lang='lat' dir='ltr'>cogerentur</span> <span class='ocrx_word' id='word_1_277' title='bbox 538 2271 721 2304; x_wconf 88' lang='lat' dir='ltr'>cautum</span> <span class='ocrx_word' id='word_1_278' title='bbox 745 2270 829 2303; x_wconf 88' lang='lat' dir='ltr'>est.</span> 
     </span>
    </p>

    <p class='ocr_par' dir='ltr' id='par_1_10' title="bbox 31 2316 1663 2495">
     <span class='ocr_line' id='line_1_36' title="bbox 117 2316 1663 2377; baseline -0.005 -12"><span class='ocrx_word' id='word_1_279' title='bbox 117 2334 188 2377; x_wconf 84' lang='lat'>49.</span> <span class='ocrx_word' id='word_1_280' title='bbox 256 2323 356 2364; x_wconf 88' lang='lat' dir='ltr'>Hoc</span> <span class='ocrx_word' id='word_1_281' title='bbox 394 2330 614 2363; x_wconf 89' lang='lat' dir='ltr'>autumno</span> <span class='ocrx_word' id='word_1_282' title='bbox 656 2322 971 2375; x_wconf 84' lang='lat' dir='ltr'>Bransbergae</span> <span class='ocrx_word' id='word_1_283' title='bbox 1010 2319 1125 2359; x_wconf 90' lang='lat' dir='ltr'>intra</span> <span class='ocrx_word' id='word_1_284' title='bbox 1163 2316 1402 2370; x_wconf 86' lang='lat' dir='ltr'>collegium</span> <span class='ocrx_word' id='word_1_285' title='bbox 1444 2322 1663 2357; x_wconf 82' lang='lat' dir='ltr'>nostrum.</span> 
     </span>
     <span class='ocr_line' id='line_1_37' title="bbox 31 2373 1662 2435; baseline -0.006 -14"><span class='ocrx_word' id='word_1_286' title='bbox 31 2379 191 2422; x_wconf 89' lang='lat' dir='ltr'>domus</span> <span class='ocrx_word' id='word_1_287' title='bbox 222 2381 497 2435; x_wconf 89' lang='lat' dir='ltr'>probationis</span> <span class='ocrx_word' id='word_1_288' title='bbox 539 2395 741 2423; x_wconf 88' lang='lat' dir='ltr'>seorsum</span> <span class='ocrx_word' id='word_1_289' title='bbox 774 2381 830 2422; x_wconf 91' lang='lat' dir='ltr'>ab</span> <span class='ocrx_word' id='word_1_290' title='bbox 864 2379 960 2420; x_wconf 91' lang='lat' dir='ltr'>aliis</span> <span class='ocrx_word' id='word_1_291' title='bbox 993 2376 1306 2432; x_wconf 87' lang='lat' dir='ltr'>collegialibus</span> <span class='ocrx_word' id='word_1_292' title='bbox 1339 2383 1407 2417; x_wconf 90' lang='lat' dir='ltr'>est</span> <span class='ocrx_word' id='word_1_293' title='bbox 1441 2373 1662 2422; x_wconf 89' lang='lat' dir='ltr'>instituta,</span> 
     </span>
     <span class='ocr_line' id='line_1_38' title="bbox 33 2437 1018 2495; baseline -0.002 -14"><span class='ocrx_word' id='word_1_294' title='bbox 33 2451 143 2493; x_wconf 88' lang='lat' dir='ltr'>quae</span> <span class='ocrx_word' id='word_1_295' title='bbox 166 2454 404 2482; x_wconf 86' lang='lat' dir='ltr'>successus</span> <span class='ocrx_word' id='word_1_296' title='bbox 428 2447 580 2495; x_wconf 86' lang='lat' dir='ltr'>postea</span> <span class='ocrx_word' id='word_1_297' title='bbox 605 2440 818 2494; x_wconf 86' lang='lat' dir='ltr'>egregios</span> <span class='ocrx_word' id='word_1_298' title='bbox 846 2437 1018 2479; x_wconf 87' lang='lat' dir='ltr'>habuit.</span> 
     </span>
    </p>

    <p class='ocr_par' dir='ltr' id='par_1_11' title="bbox 31 2490 1666 3026">
     <span class='ocr_line' id='line_1_39' title="bbox 118 2490 1666 2553; baseline -0.006 -13"><span class='ocrx_word' id='word_1_299' title='bbox 118 2509 187 2552; x_wconf 85' lang='lat'>50.</span> <span class='ocrx_word' id='word_1_300' title='bbox 255 2499 510 2553; x_wconf 87' lang='lat' dir='ltr'>Septembri</span> <span class='ocrx_word' id='word_1_301' title='bbox 545 2513 714 2550; x_wconf 87' lang='lat' dir='ltr'>mense,</span> <span class='ocrx_word' id='word_1_302' title='bbox 752 2499 957 2540; x_wconf 89' lang='lat' dir='ltr'>absoluta</span> <span class='ocrx_word' id='word_1_303' title='bbox 990 2494 1186 2538; x_wconf 87' lang='lat' dir='ltr'>ecclesia</span> <span class='ocrx_word' id='word_1_304' title='bbox 1220 2491 1554 2543; x_wconf 85' lang='lat' dir='ltr'>audomarensi,</span> <span class='ocrx_word' id='word_1_305' title='bbox 1588 2490 1666 2531; x_wconf 91' lang='lat' dir='ltr'>im-</span> 
     </span>
     <span class='ocr_line' id='line_1_40' title="bbox 33 2550 1663 2614; baseline -0.005 -15"><span class='ocrx_word' id='word_1_306' title='bbox 33 2558 178 2606; x_wconf 78' lang='lat' dir='ltr'>pensis</span> <span class='ocrx_word' id='word_1_307' title='bbox 201 2558 399 2614; x_wconf 88' lang='lat' dir='ltr'>episcopi</span> <span class='ocrx_word' id='word_1_308' title='bbox 423 2569 467 2600; x_wconf 92' lang='lat' dir='ltr'>et</span> <span class='ocrx_word' id='word_1_309' title='bbox 493 2558 744 2600; x_wconf 83' lang='lat' dir='ltr'>fundatoris</span> <span class='ocrx_word' id='word_1_310' title='bbox 768 2557 909 2598; x_wconf 87' lang='lat' dir='ltr'>nostri</span> <span class='ocrx_word' id='word_1_311' title='bbox 939 2553 1134 2609; x_wconf 81' lang='lat' dir='ltr'>collegii,</span> <span class='ocrx_word' id='word_1_312' title='bbox 1175 2552 1398 2595; x_wconf 88' lang='lat' dir='ltr'>dedicatio</span> <span class='ocrx_word' id='word_1_313' title='bbox 1428 2552 1523 2592; x_wconf 79' lang='lat' dir='ltr'>eius</span> <span class='ocrx_word' id='word_1_314' title='bbox 1552 2550 1663 2592; x_wconf 88' lang='lat' dir='ltr'>cele-</span> 
     </span>
     <span class='ocr_line' id='line_1_41' title="bbox 31 2609 1662 2673; baseline -0.006 -16"><span class='ocrx_word' id='word_1_315' title='bbox 31 2615 154 2658; x_wconf 90' lang='lat' dir='ltr'>brata</span> <span class='ocrx_word' id='word_1_316' title='bbox 177 2615 279 2659; x_wconf 82' lang='lat' dir='ltr'>curn</span> <span class='ocrx_word' id='word_1_317' title='bbox 305 2632 470 2673; x_wconf 88' lang='lat' dir='ltr'>magna</span> <span class='ocrx_word' id='word_1_318' title='bbox 494 2617 781 2659; x_wconf 90' lang='lat' dir='ltr'>solemnitate</span> <span class='ocrx_word' id='word_1_319' title='bbox 805 2616 904 2658; x_wconf 87' lang='lat' dir='ltr'>fuit.</span> <span class='ocrx_word' id='word_1_320' title='bbox 933 2616 1048 2658; x_wconf 86' lang='lat' dir='ltr'>Cum</span> <span class='ocrx_word' id='word_1_321' title='bbox 1069 2621 1217 2654; x_wconf 85' lang='lat' dir='ltr'>autem</span> <span class='ocrx_word' id='word_1_322' title='bbox 1238 2611 1476 2666; x_wconf 90' lang='lat' dir='ltr'>episcopus</span> <span class='ocrx_word' id='word_1_323' title='bbox 1494 2609 1536 2649; x_wconf 91' lang='lat' dir='ltr'>id</span> <span class='ocrx_word' id='word_1_324' title='bbox 1558 2616 1662 2650; x_wconf 92' lang='lat' dir='ltr'>tem-</span> 
     </span>
     <span class='ocr_line' id='line_1_42' title="bbox 32 2667 1664 2729; baseline -0.006 -13"><span class='ocrx_word' id='word_1_325' title='bbox 32 2676 147 2729; x_wconf 89' lang='lat' dir='ltr'>poris</span> <span class='ocrx_word' id='word_1_326' title='bbox 170 2677 335 2719; x_wconf 85' lang='lat' dir='ltr'>afflicta</span> <span class='ocrx_word' id='word_1_327' title='bbox 365 2685 483 2720; x_wconf 89' lang='lat' dir='ltr'>esset</span> <span class='ocrx_word' id='word_1_328' title='bbox 515 2677 790 2726; x_wconf 80' lang='lat' dir='ltr'>valetudine,</span> <span class='ocrx_word' id='word_1_329' title='bbox 825 2674 980 2717; x_wconf 89' lang='lat' dir='ltr'>diuino</span> <span class='ocrx_word' id='word_1_330' title='bbox 1011 2672 1248 2721; x_wconf 88' lang='lat' dir='ltr'>beneficio,</span> <span class='ocrx_word' id='word_1_331' title='bbox 1280 2670 1363 2711; x_wconf 85' lang='lat' dir='ltr'>sibi</span> <span class='ocrx_word' id='word_1_332' title='bbox 1391 2682 1487 2712; x_wconf 88' lang='lat' dir='ltr'>eam</span> <span class='ocrx_word' id='word_1_333' title='bbox 1522 2681 1573 2708; x_wconf 85' lang='lat' dir='ltr'>ac</span> <span class='ocrx_word' id='word_1_334' title='bbox 1603 2667 1664 2707; x_wconf 88' lang='lat' dir='ltr'>vi—</span> 
     </span>
     <span class='ocr_line' id='line_1_43' title="bbox 33 2727 1663 2788; baseline -0.006 -13"><span class='ocrx_word' id='word_1_335' title='bbox 33 2747 100 2776; x_wconf 90' lang='lat' dir='ltr'>res</span> <span class='ocrx_word' id='word_1_336' title='bbox 123 2736 351 2778; x_wconf 86' lang='lat' dir='ltr'>restitutas</span> <span class='ocrx_word' id='word_1_337' title='bbox 379 2737 531 2788; x_wconf 88' lang='lat' dir='ltr'>sensit,</span> <span class='ocrx_word' id='word_1_338' title='bbox 563 2744 608 2779; x_wconf 92' lang='lat' dir='ltr'>et</span> <span class='ocrx_word' id='word_1_339' title='bbox 641 2736 791 2777; x_wconf 89' lang='lat' dir='ltr'>multis</span> <span class='ocrx_word' id='word_1_340' title='bbox 820 2749 924 2776; x_wconf 92' lang='lat' dir='ltr'>cum</span> <span class='ocrx_word' id='word_1_341' title='bbox 955 2730 1184 2773; x_wconf 88' lang='lat' dir='ltr'>lachrimis</span> <span class='ocrx_word' id='word_1_342' title='bbox 1214 2729 1396 2776; x_wconf 76' lang='lat' dir='ltr'>letitiae,</span> <span class='ocrx_word' id='word_1_343' title='bbox 1433 2727 1663 2768; x_wconf 81' lang='lat' dir='ltr'>candelam</span> 
     </span>
     <span class='ocr_line' id='line_1_44' title="bbox 32 2786 1662 2848; baseline -0.004 -15"><span class='ocrx_word' id='word_1_344' title='bbox 32 2791 112 2834; x_wconf 84' lang='lat' dir='ltr'>sibi</span> <span class='ocrx_word' id='word_1_345' title='bbox 141 2795 334 2837; x_wconf 89' lang='lat' dir='ltr'>oblatam</span> <span class='ocrx_word' id='word_1_346' title='bbox 365 2803 412 2836; x_wconf 91' lang='lat' dir='ltr'>vt</span> <span class='ocrx_word' id='word_1_347' title='bbox 443 2795 668 2837; x_wconf 79' lang='lat' dir='ltr'>fundatori</span> <span class='ocrx_word' id='word_1_348' title='bbox 692 2795 881 2848; x_wconf 90' lang='lat' dir='ltr'>accepit;</span> <span class='ocrx_word' id='word_1_349' title='bbox 907 2800 950 2835; x_wconf 91' lang='lat' dir='ltr'>et</span> <span class='ocrx_word' id='word_1_350' title='bbox 981 2792 1025 2832; x_wconf 91' lang='lat' dir='ltr'>in</span> <span class='ocrx_word' id='word_1_351' title='bbox 1058 2788 1234 2843; x_wconf 88' lang='lat' dir='ltr'>proprio</span> <span class='ocrx_word' id='word_1_352' title='bbox 1265 2789 1445 2829; x_wconf 87' lang='lat' dir='ltr'>tandem</span> <span class='ocrx_word' id='word_1_353' title='bbox 1478 2786 1662 2839; x_wconf 88' lang='lat' dir='ltr'>templo,</span> 
     </span>
     <span class='ocr_line' id='line_1_45' title="bbox 33 2844 1665 2912; baseline -0.005 -20"><span class='ocrx_word' id='word_1_354' title='bbox 33 2853 127 2907; x_wconf 87' lang='lat' dir='ltr'>capi</span> <span class='ocrx_word' id='word_1_355' title='bbox 149 2855 323 2896; x_wconf 88' lang='lat' dir='ltr'>fructus</span> <span class='ocrx_word' id='word_1_356' title='bbox 346 2854 593 2912; x_wconf 88' lang='lat' dir='ltr'>spiritualis</span> <span class='ocrx_word' id='word_1_357' title='bbox 616 2854 868 2896; x_wconf 85' lang='lat' dir='ltr'>animarum</span> <span class='ocrx_word' id='word_1_358' title='bbox 893 2849 1121 2905; x_wconf 86' lang='lat' dir='ltr'>copiosius</span> <span class='ocrx_word' id='word_1_359' title='bbox 1138 2847 1303 2902; x_wconf 89' lang='lat' dir='ltr'>coepit,</span> <span class='ocrx_word' id='word_1_360' title='bbox 1325 2861 1414 2888; x_wconf 88' lang='lat' dir='ltr'>non</span> <span class='ocrx_word' id='word_1_361' title='bbox 1435 2844 1588 2909; x_wconf 83' lang='lat' dir='ltr'>paucis</span> <span class='ocrx_word' id='word_1_362' title='bbox 1610 2845 1665 2885; x_wconf 91' lang='lat' dir='ltr'>ad</span> 
     </span>
     <span class='ocr_line' id='line_1_46' title="bbox 32 2905 1666 2969; baseline -0.005 -18"><span class='ocrx_word' id='word_1_363' title='bbox 32 2912 296 2957; x_wconf 81' lang='lat' dir='ltr'>catholicam</span> <span class='ocrx_word' id='word_1_364' title='bbox 330 2913 612 2969; x_wconf 87' lang='lat' dir='ltr'>relligionem</span> <span class='ocrx_word' id='word_1_365' title='bbox 647 2912 958 2960; x_wconf 84' lang='lat' dir='ltr'>redeuntibus,</span> <span class='ocrx_word' id='word_1_366' title='bbox 996 2916 1040 2949; x_wconf 85' lang='lat' dir='ltr'>et</span> <span class='ocrx_word' id='word_1_367' title='bbox 1075 2907 1172 2949; x_wconf 87' lang='lat' dir='ltr'>aliis</span> <span class='ocrx_word' id='word_1_368' title='bbox 1206 2907 1261 2948; x_wconf 92' lang='lat' dir='ltr'>ad</span> <span class='ocrx_word' id='word_1_369' title='bbox 1291 2905 1518 2947; x_wconf 86' lang='lat' dir='ltr'>meliorem</span> <span class='ocrx_word' id='word_1_370' title='bbox 1549 2911 1666 2945; x_wconf 83' lang='lat' dir='ltr'>vitae</span> 
     </span>
     <span class='ocr_line' id='line_1_47' title="bbox 36 2969 472 3026; baseline 0.009 -15"><span class='ocrx_word' id='word_1_371' title='bbox 36 2969 209 3026; x_wconf 85' lang='lat' dir='ltr'>frugem</span> <span class='ocrx_word' id='word_1_372' title='bbox 234 2973 472 3016; x_wconf 87' lang='lat' dir='ltr'>reuocatis.</span> 
     </span>
    </p>

    <p class='ocr_par' dir='ltr' id='par_1_12' title="bbox 121 3024 1663 3086">
     <span class='ocr_line' id='line_1_48' title="bbox 121 3024 1663 3086; baseline -0.009 -11"><span class='ocrx_word' id='word_1_373' title='bbox 121 3040 190 3084; x_wconf 86' lang='lat'>51.</span> <span class='ocrx_word' id='word_1_374' title='bbox 257 3033 354 3075; x_wconf 91' lang='lat' dir='ltr'>Sub</span> <span class='ocrx_word' id='word_1_375' title='bbox 376 3033 488 3074; x_wconf 89' lang='lat' dir='ltr'>haec</span> <span class='ocrx_word' id='word_1_376' title='bbox 513 3039 715 3086; x_wconf 88' lang='lat' dir='ltr'>tempora</span> <span class='ocrx_word' id='word_1_377' title='bbox 737 3030 782 3071; x_wconf 92' lang='lat' dir='ltr'>in</span> <span class='ocrx_word' id='word_1_378' title='bbox 805 3028 1013 3072; x_wconf 91' lang='lat' dir='ltr'>Sardinia</span> <span class='ocrx_word' id='word_1_379' title='bbox 1036 3024 1277 3080; x_wconf 89' lang='lat' dir='ltr'>collegium</span> <span class='ocrx_word' id='word_1_380' title='bbox 1298 3030 1501 3064; x_wconf 90' lang='lat' dir='ltr'>nostrum</span> <span class='ocrx_word' id='word_1_381' title='bbox 1520 3035 1663 3063; x_wconf 88' lang='lat' dir='ltr'>sassa-</span> 
     </span>
    </p>
   </div>
  </div>
 </body>
</html>
