1891 3292
255 143 321 177 383
763 142 947 176 POLANCi
975 151 1287 176 COMPLEMENTA

210 253 253 286 to
277 247 358 286 che
383 257 512 298 possa
532 244 586 284 V.
617 244 666 284 P.
694 243 879 284 mandar
900 243 1085 284 un'altro
1104 257 1180 297 per
1201 243 1264 284 far
1283 251 1441 297 questa
1460 243 1606 297 gratia
1629 244 1714 284 alla
1733 258 1829 298 pro-

211 321 349 364 uintia
372 320 415 360 di
439 319 605 370 Sicilia,
632 319 846 360 accioche
869 318 897 359 li
922 319 1060 360 nostri
1084 319 1244 361 scolari
1268 319 1303 361 si
1329 334 1522 373 possano
1545 321 1610 361 far
1628 320 1715 361 ben
1734 320 1828 361 dot·

210 396 255 447 ti,
282 398 363 437 che
388 394 511 436 molti
534 394 722 449 ingegni
746 394 976 436 bonissimi
1006 409 1132 446 sono,
1160 410 1206 438 se
1235 410 1284 438 se
1316 395 1343 435 li
1370 395 1618 449 prouedera
1646 394 1690 437 dj
1709 409 1828 438 mae-

209 481 303 514 stro
327 479 370 513 et
394 471 438 512 di
462 478 613 525 tempo
636 471 939 513 conueniente
964 486 1040 525 per
1064 472 1209 525 questi
1234 471 1387 514 studii.

295 549 341 589 In
370 547 590 601 Palermo‚
617 562 664 589 se
688 547 723 589 si
754 549 998 591 hauessero
1028 563 1052 589 a
1082 532 1367 591 ricominciar
1396 548 1424 588 li
1457 547 1593 589 studii
1618 548 1718 603 (che
1748 547 1832 589 Dio

212 625 360 678 uoglia
382 625 417 666 si
444 639 575 678 possa
600 625 730 678 fare),
763 623 792 667 1⁸1
824 625 888 667 c'e
918 633 1056 679 gente
1079 627 1163 667 che
1194 626 1282 679 puo
1305 624 1496 666 sodisfar
1519 624 1768 679 all'oblig03
1791 614 1842 668 'et'⁴

206 702 391 756 quando
410 702 651 744 accadesse
673 703 820 744 anche
850 702 1035 743 mandar
1058 703 1248 755 qualche
1278 708 1488 752 maestro‚
1525 701 1600 755 gia
1628 702 1688 743 s’e
1716 701 1810 743 dise

207 785 346 831 gnato
369 778 440 819 chi
460 779 501 819 lo
527 780 614 832 puo
639 792 802 820 essere.
826 778 880 819 Di
910 778 1138 821 Monreale
1161 779 1262 820 dico
1286 778 1313 818 il
1339 778 1599 829 medesimo‚
1626 785 1670 820 et
1698 777 1742 819 di
1763 777 1832 820 Bi-

210 868 342 896 uona.
381 854 430 895 In
465 853 624 909 questo
659 862 810 908 tempo
846 855 954 908 pero
988 855 1208 897 conuiene
1241 855 1458 897 attender'
1489 855 1544 896 ad
1567 845 1685 896 altro'
1703 855 1788 896 che
1812 870 1835 896 a

207 931 345 982 scole,
373 931 538 985 perche
561 932 592 972 il
616 944 872 985 congregar
897 931 1181 972 moltitudine
1196 931 1249 992 Xin
1275 938 1423 985 tempo
1446 931 1489 972 di
1507 938 1649 985 peste,
1669 931 1709 972 le
1728 938 1833 973 stes-

207 1022 255 1050 se
278 1007 385 1050 citta
408 1008 450 1048 10
476 1015 675 1061 tengono
705 1022 784 1061 per
812 1007 1180 1058 inconueniente;
1207 1007 1243 1048 si
1275 1007 1297 1048 e
1332 1007 1533 1061 prouisto
1563 1009 1669 1061 pero
1693 1009 1776 1049 che
1807 1008 1835 1049 li

209 1083 349 1125 nostri
368 1098 455 1124 non
482 1085 679 1137 perdano
699 1091 866 1138 tempo,
887 1084 988 1125 dico
1007 1084 1143 1137 quelli
1163 1086 1247 1126 che
1266 1093 1445 1125 restano
1463 1084 1507 1124 in
1528 1084 1640 1126 detti
1660 1084 1831 1138 luoghi.

212 1160 377 1202 Alcuni
411 1160 510 1201 altri
539 1160 575 1201 si
606 1174 716 1201 sono
747 1160 883 1203 leuati
912 1160 956 1201 di
991 1162 1046 1202 l‘a:
1076 1168 1272 1201 staremo
1295 1175 1319 1202 a
1348 1161 1481 1202 ueder
1507 1174 1636 1203 come
1666 1162 1706 1203 le
1735 1174 1836 1202 cose

212 1237 485 1291 procedono,
512 1243 556 1278 et
580 1251 628 1279 se
650 1237 892 1279 andassero
917 1236 1100 1291 peggio,
1132 1237 1168 1277 si
1194 1238 1359 1280 uedera
1389 1251 1554 1279 ancora
1584 1237 1628 1278 di
1655 1238 1836 1280 leuarne

214 1312 302 1367 piu.
337 1313 463 1354 Tutti
493 1313 521 1353 li
552 1312 650 1355 altri
685 1313 865 1367 collegii
898 1327 1013 1354 sono
1046 1314 1133 1354 ben
1171 1313 1362 1367 prouisti
1395 1315 1450 1356 de
1480 1313 1651 1365 mastri,
1683 1316 1766 1355 che
1794 1313 1836 1355 in

210 1391 327 1431 bona
348 1397 472 1443 parte
496 1389 523 1429 li
548 1404 660 1430 sono
685 1390 788 1430 stati
812 1390 920 1443 dati,
947 1391 1002 1431 de
1026 1389 1161 1442 quelli
1186 1391 1269 1432 che
1292 1390 1483 1431 finirono
1506 1390 1535 1431 il
1559 1404 1705 1433 corso·

299 1477 341 1518 7.
408 1466 537 1508 Circa
561 1465 714 1508 l'aiuto
738 1467 805 1507 de'
827 1467 1027 1520 prossimi
1048 1467 1164 1508 nelle
1185 1467 1409 1520 prediche,
1431 1467 1717 1519 confessioni,
1743 1468 1837 1508 dot-

214 1543 328 1584 trina
360 1541 504 1585 xstana
533 1550 576 1585 et
606 1543 717 1584 altre
746 1556 882 1596 opere
915 1543 1001 1596 pie,
1034 1543 1097 1584 s’e
1122 1550 1358 1597 procurato
1388 1542 1431 1584 in
1466 1543 1730 1597 particolare
1758 1545 1836 1585 che

212 1634 299 1661 non
324 1619 568 1661 manchino
592 1620 632 1662 le
656 1634 844 1674 persone
869 1619 1120 1662 necessarie
1143 1620 1187 1661 in
1212 1619 1320 1674 ogni
1352 1621 1487 1674 luogo
1517 1633 1593 1674 per
1617 1620 1690 1661 tali
1714 1621 1832 1663 effet-

212 1696 258 1737 ti:
286 1705 329 1738 et
352 1698 496 1738 anche
520 1696 636 1738 nelle
660 1695 860 1737 missioni
891 1710 966 1750 per
998 1704 1113 1737 tutta
1148 1705 1305 1750 questa
1338 1704 1453 1739 state
1481 1696 1542 1739 s’e
1575 1698 1683 1739 fatto
1716 1698 1832 1739 buon

213 1773 349 1814 frutto
373 1774 417 1813 in
441 1773 619 1815 diuerse
643 1774 806 1821 bande,
832 1780 875 1815 et
901 1772 1094 1814 tuttauia
1117 1774 1375 1826 qualchuno
1405 1774 1588 1816 attende
1619 1788 1644 1815 a
1674 1774 1832 1827 quelle.

212 1849 275 1892 Le
298 1863 401 1890 cose
430 1849 629 1903 generali
653 1851 738 1891 che
761 1838 805 1891 in
831 1858 988 1903 questa
1014 1858 1138 1903 parte
1161 1850 1197 1891 si
1221 1865 1332 1891 sono
1356 1865 1379 1892 a
1407 1850 1510 1892 tutti
1534 1850 1773 1901 ricordate,
1799 1850 1836 1892 le

212 1925 375 1967 uedera
402 1926 460 1967 V.
498 1928 548 1968 P.
586 1925 810 1980 negl'altri
839 1926 999 1975 scritti,
1041 1926 1144 1968 delli
1174 1927 1292 1980 quali
1323 1927 1361 1968 al
1393 1926 1612 1981 principio
1641 1928 1699 1968 ho
1730 1928 1836 1968 fatto

213 2002 455 2044 mentione.
485 2003 624 2044 Molto
648 2004 956 2045 conuerrebbe
976 2017 1052 2057 per
1076 2010 1233 2057 questa
1255 2003 1499 2057 prouincia,
1522 2004 1607 2046 che
1630 2005 1835 2046 hauesse-

213 2093 263 2121 ro
287 2079 316 2119 li
336 2079 474 2120 nostri
498 2080 646 2132 quelle
671 2081 859 2122 foi-mule
883 2081 966 2120 che
991 2081 1284 2121 raccomanda
1317 2081 1356 2121 la
1386 2080 1739 2135 congregatione
1763 2094 1836 2135 per

212 2156 291 2197 dar
323 2155 626 2210 gl’essercitii,
659 2171 737 2210 per
767 2156 1013 2210 predicare,
1048 2171 1126 2210 per
1155 2156 1298 2198 aiutar
1336 2172 1357 2198 a
1398 2158 1485 2199 ben
1520 2157 1695 2209 morire,
1730 2163 1833 2208 etc.,

214 2233 378 2287 perche
404 2247 518 2273 sono
547 2233 778 2286 adoperati
807 2233 938 2287 assai,
970 2241 1013 2274 et
1044 2234 1193 2275 alcuni
1224 2234 1267 2274 di
1296 2234 1442 2287 questi
1472 2234 1660 2289 operarii
1690 2235 1836 2275 hanno

216 2310 352 2351 molto
376 2323 486 2363 poca
511 2309 799 2351 instruttione
823 2309 868 2350 in
898 2324 1001 2352 cose
1031 2309 1179 2352 simili.
1208 2311 1282 2352 Ho
1312 2311 1659 2352 raccomandato
1689 2311 1727 2352 al
1759 2310 1834 2350 Pa-

215 2386 295 2428 dre
318 2385 596 2440 prouinciale
620 2386 749 2427 desse
772 2386 1061 2428 instruttione
1085 2387 1140 2428 ad
1164 2386 1313 2428 alcuni
1338 2394 1505 2440 quanto
1535 2387 1576 2428 al
1599 2387 1677 2428 dar
1699 2385 1832 2441 gl’es-

214 2462 395 2513 sercitii,
423 2470 466 2505 et
496 2462 585 2503 l’ha
611 2463 737 2513 fatto;
765 2470 809 2504 et
839 2472 1007 2516 quanto
1036 2463 1075 2504 al
1107 2463 1324 2517 predicar,
1357 2463 1401 2504 in
1433 2463 1628 2506 Messina
1653 2463 1771 2504 resto
1798 2461 1836 2503 la

212 2553 320 2581 cura
342 2540 381 2580 al
411 2541 460 2581 P.
487 2539 762 2594 Carminata‚
789 2546 832 2581 et
856 2539 931 2592 qui
956 2539 999 2580 in
1025 2539 1214 2583 Catania
1237 2540 1434 2582 l'hauera
1458 2540 1486 2580 il
1521 2541 1572 2582 P.
1600 2540 1732 2582 Carlo
1756 2540 1834 2580 Re-

215 2614 291 2669 gio
315 2629 391 2669 per
414 2615 493 2657 dar
518 2615 710 2669 qualche
734 2615 1022 2659 instruttione
1052 2632 1075 2658 a
1107 2616 1241 2670 quelli
1271 2619 1353 2659 che
1384 2616 1641 2671 predicano,
1674 2614 1834 2671 perche

216 2693 367 2733 hanno
392 2692 561 2733 talento
580 2691 624 2733 in
649 2700 807 2745 questa
831 2692 1065 2747 prouincia
1095 2708 1171 2747 per
1201 2701 1360 2746 questo
1384 2692 1649 2743 ministeri03
1676 2707 1746 2733 ma
1768 2691 1835 2732 nel

217 2769 350 2810 modo
381 2770 532 2810 hanno
563 2769 754 2824 bisogno
787 2770 953 2812 d'esser
982 2770 1154 2820 aiutati‚
1189 2770 1352 2824 perche
1380 2770 1566 2812 imitano
1594 2770 1693 2812 altri
1723 2767 1834 2811 modi

214 2846 355 2887 d⁷altri
380 2846 596 2901 religiosi,
624 2847 708 2889 che
727 2861 816 2887 non
841 2854 1002 2888 stanno
1026 2862 1050 2889 a
1069 2847 1141 2887 noi
1167 2854 1297 2901 tropo
1321 2847 1451 2890 bene.

307 2925 391 2964 Per
414 2923 569 2965 aiutar'
589 2938 612 2964 a
632 2923 809 2979 morire,
832 2925 1006 2965 haueua
1027 2931 1201 2978 portato
1219 2922 1367 2965 alcuni
1388 2923 1549 2965 ricordi
1568 2923 1638 2966 del
1659 2925 1707 2964 P.
1731 2922 1834 2964 Cor-
