1891 3292
566 202 884 242 EPHEMERIDES.
898 227 919 231 -
937 207 1042 246 Ocr.
1076 218 1162 253 1557
1557 214 1628 259 609

51 318 146 347 rum
170 302 528 355 renouationem,
550 303 629 346 sed
653 304 921 349 differendas
944 322 1043 353 esse
1068 324 1211 365 usque
1236 313 1291 354 ad
1314 313 1579 358 electionem
1597 329 1672 370 ge-

51 360 225 413 neralis,
251 361 356 403 licet
378 361 465 403 iam
488 361 732 416 impressae
755 364 844 407 sint
868 369 1180 413 conclusiones
1203 370 1246 413 in
1266 373 1313 415 S.
1336 374 1611 427 Mathaeum,
1630 383 1673 417 et

51 423 233 480 primam
258 427 359 472 2.²e,
385 427 429 463 et
460 421 799 477 phylosophiae.

134 481 369 524 Venerunt
394 479 491 538 [sic]
515 481 680 523 Loreto
705 483 890 526 Romam
916 486 967 528 R.
998 487 1047 528 P.
1076 486 1295 531 Emanuel
1324 490 1559 533 lusitanus.
1588 490 1672 533 Eo-

46 541 145 584 dem
168 539 240 582 die
263 538 444 581 iuerunt
469 538 645 593 equites
666 540 709 582 in
735 541 987 586 Flandriam
1023 547 1073 587 R.
1111 548 1160 588 P.
1195 548 1428 592 Salmeron
1457 557 1501 591 et
1532 550 1668 605 magi-

47 607 135 644 ster
159 600 324 641 Petrus
348 598 670 651 Ribaddinera3
698 599 985 645 deduxerunt
1007 612 1156 647 autem
1187 605 1283 648 illos
1309 609 1360 649 R.
1394 609 1444 650 P.
1481 604 1672 652 vicarius

44 665 88 704 et
111 660 162 701 R.
194 658 240 700 P.
265 657 453 700 Natalis.

134 728 184 770 17
207 716 342 758 huius
359 715 441 759 iuit
460 715 503 758 in
522 716 782 771 Hyspanias
800 720 988 763 Ioannes
1008 722 1224 776 Baptista,
1247 730 1293 764 vt
1319 726 1475 768 Patres
1492 727 1547 767 ad
1566 740 1670 769 con—

42 776 351 833 gregationem
375 783 420 818 et
442 775 709 819 electionem
733 788 916 821 vocaret
940 782 1177 834 generalis.
1207 783 1376 824 Eodem
1401 784 1471 827 die
1494 786 1602 827 abiit
1625 786 1669 827 in

41 835 235 881 Siciliam
260 836 313 877 R.
341 835 392 877 P.
418 834 701 887 Dominicus,
728 837 803 892 qui
828 838 970 892 pridie
991 841 1174 882 Romam
1196 842 1386 884 redierat
1405 844 1460 884 ab
1479 843 1552 886 illa
1571 859 1668 899 pro·

44 894 234 940 sectione
257 908 393 949 quam
422 906 471 937 12
495 894 645 948 huius,
668 910 754 938 vna
778 910 880 939 cum
906 899 957 940 R.
987 900 1039 942 P.
1068 900 1270 942 Antonio
1294 901 1463 943 Winck
1488 903 1531 944 in
1557 903 1667 947 Sici-

42 955 142 998 liam
165 962 448 1009 susceperat.

132 1013 181 1056 18
202 1013 355 1064 huius,
377 1027 467 1068 quo
497 1020 595 1056 erat
629 1014 794 1057 festum
825 1015 872 1058 S.
908 1016 1073 1069 Lucae,
1103 1031 1191 1059 non
1225 1026 1294 1061 est
1317 1020 1482 1061 lectum
1508 1020 1550 1061 in
1580 1021 1669 1063 col-

41 1072 174 1129 legio.

126 1131 210 1174 Iuit
234 1131 393 1174 eodem
415 1131 488 1173 die
512 1132 738 1174 Veronam
764 1134 816 1176 R.
848 1135 901 1176 P.
930 1134 1131 1189 Baptista
1162 1136 1307 1186 Viola,
1334 1137 1409 1191 qui
1441 1137 1582 1192 pridie
1612 1139 1667 1180 ad

37 1191 276 1246 collegium
301 1197 502 1239 uenerat,
529 1198 573 1234 et
599 1191 758 1235 fratres
780 1205 938 1235 omnes
961 1207 1206 1249 campanae
1230 1197 1362 1250 pulsu
1387 1197 1566 1238 curauit
1590 1194 1665 1239 'uo-

37 1251 141 1302 cari,
167 1257 215 1292 ut
239 1249 338 1292 illos
361 1250 696 1304 amplexaretur
717 1258 763 1293 et
786 1252 1072 1295 valediceret.

127 1322 178 1364 19
200 1316 245 1352 et
269 1321 323 1351 20
346 1309 481 1351 huius
504 1309 665 1352 iterum
689 1311 900 1366 legerunt
925 1314 985 1355 M.
1014 1313 1231 1356 Emanuel
1254 1321 1298 1355 et
1323 1315 1382 1357 M.
1419 1314 1661 1370 Rogerius,

37 1369 112 1413 sed
136 1376 229 1411 tum
253 1368 434 1424 penitus
458 1369 773 1413 valedixerunt
796 1371 1037 1414 auditorio.

122 1440 172 1471 21
209 1428 346 1471 huius
377 1427 611 1483 coepimus
643 1429 819 1472 deferre
853 1443 1035 1473 scamna
1067 1438 1111 1473 et
1142 1431 1318 1474 tabulas
1349 1441 1394 1473 et
1424 1432 1585 1475 storias
1616 1433 1659 1476 in

32 1487 160 1531 aliam
207 1488 409 1543 domum,
456 1487 511 1529 ad
555 1502 687 1542 quam
732 1503 912 1531 eramus
962 1490 1214 1545 migraturi,
1266 1499 1310 1533 et
1359 1493 1660 1546 praecedente

36 1548 85 1591 R.
113 1548 164 1589 P.
191 1546 357 1598 Natali,
384 1561 541 1589 omnes
564 1547 728 1591 deinde
751 1549 931 1603 sequuti
956 1564 1113 1591 sumus
1142 1550 1289 1604 aliqua
1318 1551 1540 1605 portando
1568 1551 1657 1593 sin-

33 1606 141 1662 guli.
167 1606 307 1662 quue
331 1606 474 1648 tribus
496 1605 669 1649 vicibus
693 1608 922 1652 continue.
956 1610 1067 1652 Item
1096 1610 1181 1651 hoc
1209 1610 1417 1663 sequenti
1447 1610 1518 1651 die
1549 1609 1658 1653 feci-

35 1680 144 1708 mus.
173 1666 257 1709 Die
280 1665 455 1708 sabbati
478 1666 703 1720 sequenti,
730 1682 835 1710 non.

117 1737 172 1779 24
195 1724 331 1768 huius
355 1725 467 1767 itum
491 1735 560 1767 est
583 1725 627 1767 in
652 1740 873 1778 carceres,
898 1734 941 1770 et
961 1727 1090 1769 multi
1107 1728 1350 1770 admodum
1374 1727 1419 1769 in
1440 1728 1579 1770 Torre
1603 1727 1658 1770 de

33 1785 160 1828 Nona
180 1786 424 1828 voluerunt
447 1784 673 1829 confiteri.
1518 1829 1522 1832 ,

115 1845 224 1886 Erat
255 1844 353 1887 istis
385 1844 546 1886 diebus
578 1845 788 1900 occupati
825 1845 922 1902 [sic]
956 1847 1006 1888 R.
1037 1848 1089 1890 P.
1123 1846 1295 1888 Natalis
1323 1845 1367 1886 in
1398 1845 1657 1888 ordinandis

29 1903 235 1946 omnibus
265 1918 380 1958 quae
412 1904 469 1947 ad
498 1904 751 1946 studiorum
785 1906 1125 1947 renouationem
1156 1905 1398 1960 pertinent:
1431 1905 1653 1947 examina-

31 1963 189 2005 bantur
212 1965 373 2006 fratres
397 1963 474 2017 qui
495 1963 615 2005 domi
640 1972 785 2014 erant,
812 1965 868 2006 ad
898 1979 1013 2019 quae
1037 1964 1186 2006 studia
1211 1972 1393 2019 possent
1423 1965 1651 2007 accedere.

114 2034 168 2075 27
208 2022 344 2065 huius
383 2022 546 2065 iterum
580 2023 861 2078 portauimus
884 2038 1022 2067 onera
1055 2025 1111 2065 ad
1144 2025 1329 2065 alteram
1363 2024 1563 2075 domum,
1601 2025 1654 2065 ad

30 2095 157 2136 quam
181 2096 360 2125 eramus
393 2081 645 2137 migraturi.
681 2084 815 2126 Festo
844 2082 1041 2127 Simonis
1070 2090 1114 2126 et
1143 2084 1278 2125 Iudae
1308 2082 1416 2123 nihil
1448 2082 1651 2135 fecimus;

29 2152 82 2197 29
103 2141 264 2185 deinde
288 2142 428 2183 multa
454 2141 751 2194 portauimus,
780 2150 824 2185 et
844 2143 970 2184 multi
991 2151 1194 2184 nostrum
1215 2143 1287 2183 illa
1306 2150 1437 2183 nocte
1456 2142 1499 2183 in
1519 2143 1653 2184 domo

28 2213 141 2242 noua
169 2207 446 2244 manserunt.
479 2202 541 2243 At
573 2214 643 2255 30,
676 2201 748 2243 die
779 2202 938 2244 ultimo
968 2202 1134 2245 mensis
1160 2200 1272 2259 [sic]‚
1304 2200 1454 2242 omnia
1484 2201 1650 2255 reliqua

26 2259 265 2302 detulimus
287 2267 331 2302 et
353 2274 511 2302 omnes
533 2260 666 2302 simul
696 2260 1009 2315 migrauimus.
1045 2263 1165 2304 Laus
1195 2262 1290 2303 Deo
1314 2261 1483 2314 optimo
1516 2260 1649 2301 maxi-

27 2332 111 2370 mo,
138 2319 213 2374 qui
242 2319 286 2361 in
315 2319 492 2361 illarum
523 2334 672 2362 rerum
702 2328 837 2372 statu,
870 2335 1008 2375 quum
1044 2320 1251 2363 uidelicet
1282 2320 1491 2360 omnibus
1523 2319 1650 2360 nobis

26 2377 344 2422 discedendum
367 2387 487 2422 esset
512 2380 668 2431 Roma,
695 2380 751 2423 de
775 2387 864 2421 tam
888 2381 1124 2422 commoda
1148 2379 1430 2420 habitatione
1454 2378 1651 2432 prouidit

26 2437 166 2480 nobis.
196 2439 241 2480 R.
273 2440 323 2480 P.
351 2438 525 2481 Natalis
549 2439 700 2481 omnia
726 2453 800 2493 per
825 2454 872 2482 se
895 2439 1121 2482 ordinauit
1149 2439 1205 2480 de
1235 2436 1490 2487 refectorio,
1526 2436 1649 2478 cubi-

24 2497 149 2550 culis,
176 2497 334 2541 ordine
356 2497 619 2549 lectionum,
646 2506 691 2540 et
715 2498 825 2550 aliis,
850 2506 934 2540 etc.

110 2569 163 2610 30
186 2557 323 2599 huius
348 2558 536 2599 Romam
562 2557 686 2600 uenit
717 2559 768 2600 P.
804 2558 1005 2612 Baptista
1035 2556 1077 2598 di
1107 2556 1248 2598 Giesu'
1281 2568 1384 2596 cum
1422 2561 1504 2607 4.οΥ
1534 2554 1645 2605 aliis;

25 2616 254 2658 Mathaeus
277 2630 538 2671 germanus,
564 2625 608 2658 et
631 2617 864 2660 Gerardus
888 2616 1067 2671 quidam
1091 2615 1275 2656 flander.

107 2673 206 2717 Istis
228 2676 406 2717 duobus
427 2676 588 2718 diebus
612 2676 836 2718 intrarunt
860 2677 964 2718 item
989 2674 1193 2730 germani
1218 2673 1260 2714 in
1285 2673 1465 2713 domum
1494 2685 1643 2725 quam-

22 2731 120 2775 dam
143 2735 251 2777 satis
275 2735 438 2777 bonam
461 2735 591 2777 nobis
616 2736 827 2778 vicinam.

105 2794 239 2836 Festo
287 2795 334 2838 S.
382 2795 686 2849 apostolorum
733 2794 929 2838 Simonis
973 2801 1016 2837 et
1060 2792 1194 2834 Iudae
1244 2796 1534 2831 consecratus
1580 2796 1647 2830 est

23 2852 80 2894 M.
113 2853 378 2896 Lambertus
409 2854 636 2905 sacerdos,
668 2862 713 2898 et
743 2855 856 2896 festo
886 2853 1083 2895 omnium
1115 2858 1373 2892 sanctorum
1402 2847 1646 2891 celebrauit

24 2911 234 2963 primitias
256 2912 300 2954 in
326 2913 494 2968 templo
518 2920 688 2957 nostro.

103 2971 217 3013 Itum
242 2980 309 3014 est
332 2972 451 3014 circa
476 2973 641 3015 festum
666 2971 865 3014 omnium
890 2977 1148 3013 sanctorum
1173 2968 1228 3009 ad
1257 2980 1463 3009 carceres
1496 2972 1539 3007 et
1570 2966 1645 3006 ho-

20 3028 174 3084 spitale
197 3031 244 3074 S.
272 3031 438 3082 Iacobi,
465 3038 509 3073 et
533 3031 662 3074 multi
688 3039 794 3073 sunt
818 3028 1154 3072 communicati.

158 3107 311 3136 POLANOE
331 3109 671 3136 COMPLEMENTA.—T.
692 3108 734 3135 Π.
788 3104 791 3107 ’
1468 3101 1502 3127 39
