1891 3292
220 197 288 231 328
718 194 904 228 POLANCI
932 201 1252 227 COMPLEMENTA

175 300 230 340 V.
262 300 330 347 R,
358 299 440 338 che
464 296 500 336 si
524 296 671 337 scriua
694 294 736 334 in
768 303 891 335 corte
920 295 990 336 del
1022 308 1082 344 re,
1110 292 1320 335 accioche
1351 292 1415 334 sia
1443 292 1611 333 aiutato
1635 301 1793 344 questo

177 374 359 429 negotio
386 387 461 426 per
484 372 512 412 li
537 371 676 412 nostri
700 369 742 411 di
777 371 834 413 la.
870 370 1154 413 Scriueremo
1183 371 1270 411 ben
1300 369 1343 409 di
1374 382 1459 422 qua
1483 368 1529 426 'al
1556 370 1605 409 P.
1635 369 1794 418 Porres

174 458 218 492 et
242 452 279 491 al
309 451 357 490 P.
387 448 700 500 Ribadeneira,
734 448 816 488 che
845 446 1032 489 aiutino.
1066 448 1119 487 Et
1152 446 1191 487 ci
1225 446 1387 486 dicono
1416 444 1550 498 quelli
1579 445 1662 485 che
1685 458 1795 485 sono

176 525 318 581 periti,
351 526 433 566 0116
465 524 817 578 probabilmente
850 523 888 564 ci
923 523 1107 565 riuscira
1142 523 1254 564 bene
1288 528 1447 575 questo
1475 520 1673 575 negotio.
1712 521 1796 561 Dio

176 603 228 644 N.
258 603 303 644 S.
333 602 375 642 lo
399 601 542 655 guidi.

261 690 301 721 2.
369 678 443 720 S⁷e
467 679 595 728 fatto,
622 692 710 718 non
735 684 911 718 ostante
930 678 1120 730 qualche
1137 675 1438 730 occupatione
1461 674 1505 715 in
1523 680 1682 727 questa
1701 688 1795 727 par-

171 765 228 806 te,
252 755 367 796 nella
389 754 518 795 uisita
544 755 663 794 buon
687 766 945 807 progresso,
966 761 1011 795 et
1036 753 1226 794 tuttauia
1246 751 1280 793 si
1300 766 1429 806 spera
1447 752 1545 792 sara
1564 750 1650 792 Dio
1670 751 1725 791 N.
1747 750 1794 794 S.

167 831 337 872 seruito
362 845 449 871 non
476 844 593 884 poco
616 830 659 870 di
684 831 850 882 quella.
877 830 909 870 Il
932 829 1124 883 disegno
1148 836 1302 870 nostro
1326 828 1516 869 sarebbe
1541 827 1733 881 spedirci
1756 826 1798 867 di

175 909 381 949 Palermo
411 915 453 948 et
485 907 728 960 Μο1116316,
764 906 955 956 Emona,
985 905 1323 960 Calatagirone,
1356 904 1567 948 Siracusa
1595 912 1638 945 et
1669 903 1797 946 Cata·

171 984 242 1024 nia
272 985 315 1024 in
346 982 493 1037 questi
524 982 632 1024 mesi
662 981 884 1036 d’Aprile,
923 982 1109 1036 Maggio
1143 990 1187 1023 et
1222 980 1427 1034 Giugno,
1455 994 1531 1033 per
1557 993 1707 1033 passar
1731 979 1799 1032 poi

174 1059 333 1113 Luglio
357 1067 399 1101 et
424 1061 597 1113 Agosto
620 1058 663 1099 in
691 1058 910 1108 Messina,
933 1058 1237 1100 conuenendo
1261 1056 1353 1098 cosi
1380 1070 1469 1097 non
1494 1056 1740 1097 solamente
1761 1054 1800 1096 ai

172 1136 357 1190 negotii,
386 1150 455 1176 ma
479 1136 626 1176 anche
650 1135 733 1175 alla
759 1134 902 1175 sanita
926 1135 1172 1187 corporale,
1198 1147 1325 1174 001116
1348 1132 1387 1173 01
1411 1131 1589 1172 (1100110.

265 1225 303 1265 3.
372 1213 512 1253 Molto
538 1212 594 1251 mi
619 1211 865 1253 consolerei
891 1210 933 1250 di
959 1210 1130 1252 riceuer
1154 1211 1209 1250 da
1239 1210 1298 1254 V.
1327 1211 1375 1250 P.
1412 1209 1452 1249 la
1483 1207 1802 1249 dichiaratione

177 1289 291 1330 della
329 1288 485 1329 facolta
521 1289 606 1328 che
638 1287 696 1328 mi
730 1289 786 1328 ha
815 1288 918 1328 dato
945 1286 988 1327 in
1019 1300 1185 1340 genere
1215 1286 1330 1327 nelle
1358 1285 1516 1326 lettere
1547 1283 1733 1338 patenti,
1759 1289 1802 1325 et

179 1367 295 1408 nello
326 1372 469 1407 stesso
500 1364 640 1406 offitio
671 1364 714 1405 di
746 1364 992 1413 visitatore,
1028 1377 1107 1417 per
1136 1377 1224 1404 non
1248 1361 1399 1403 andar'
1429 1360 1751 1414 indouinando‚
1777 1373 1802 1400 o

179 1451 442 1484 ueramente
468 1442 655 1482 facendo
679 1441 862 1482 illationi
887 1442 989 1493 (che
1012 1440 1290 1494 potrebbono
1313 1453 1402 1481 non
1427 1452 1546 1480 esser
1570 1437 1802 1478 dimostra-

179 1519 291 1573 tiue)
315 1519 370 1559 da
399 1518 546 1572 quella
576 1518 737 1559 facolta
765 1519 849 1559 che
879 1517 1099 1558 conuiene
1133 1515 1372 1566 all’officio,
1408 1530 1432 1556 3
1464 1515 1608 1568 quella
1643 1515 1728 1554 che
1761 1513 1803 1553 in

178 1595 421 1650 particolar
443 1595 478 1636 si
509 1594 673 1636 hauera
705 1595 760 1635 da
792 1608 892 1635 usai·
925 1593 1038 1636 nelle
1068 1607 1171 1635 cose
1202 1591 1469 1634 occorrenti.
1510 1589 1681 1631 Perche
1718 1603 1803 1630 non

177 1673 233 1714 mi
259 1679 417 1713 consta
441 1686 517 1726 per
540 1672 580 1713 le
603 1671 863 1712 assolutioni
889 1686 914 1711 0
943 1669 1281 1724 dispensationi,
1308 1677 1352 1709 et
1381 1682 1484 1709 cose
1512 1667 1659 1717 simili,
1686 1680 1732 1707 se
1762 1666 1804 1707 io

177 1749 237 1790 ho
276 1748 348 1802 piu
382 1749 465 1790 che
500 1747 527 1788 li
560 1746 828 1801 particolari‚
866 1746 1039 1788 benche
1073 1745 1130 1786 mi
1165 1759 1272 1800 pare
1301 1758 1388 1785 non
1420 1743 1516 1785 sara
1548 1743 1690 1784 minor
1724 1743 1807 1784 che

178 1826 326 1879 quella
348 1825 421 1867 del
445 1824 735 1879 prouinciale.
765 1825 818 1864 Et
837 1831 1010 1876 quanto
1034 1822 1109 1876 piu
1126 1821 1385 1876 specificata
1405 1820 1581 1863 uenisse
1599 1821 1638 1860 la
1659 1812 1808 1860 uolon-

179 1903 222 1943 ta
246 1901 290 1941 di
317 1902 370 1942 V.
404 1902 451 1941 P.
480 1901 596 1942 nelle
620 1900 742 1942 dette
765 1907 808 1941 et
831 1900 941 1941 altre
966 1912 1086 1948 cose,
1111 1899 1198 1939 0116
1221 1910 1416 1952 possono
1449 1896 1666 1937 succeder
1695 1895 1808 1936 nella

1152 1973 1182 2025 3;
1216 1982 1259 2016 et
1288 1973 1608 2027 specialmente
1638 1978 1807 2025 quanto

179 1979 330 2032 uisita‚
359 1977 415 2019 mi
447 1977 546 2018 sara
578 1976 783 2031 maggior
813 1975 1122 2017 consolatione

176 2055 449 2105 all⁷edificar,
477 2069 554 2108 par
579 2054 715 2094 molto
744 2052 997 2095 necessaria
1028 2050 1189 2092 facolta
1219 2050 1264 2091 di
1294 2051 1348 2091 V.
1386 2051 1435 2091 P.
1471 2050 1524 2090 Et
1553 2064 1601 2091 se
1634 2054 1808 2102 potesse

180 2134 313 2174 Mtro.
340 2130 570 2174 Giouanni
593 2144 678 2171 con
709 2131 747 2172 le
779 2131 930 2184 galere
960 2128 1002 2170 di
1034 2127 1203 2181 Sicilia,
1228 2129 1312 2169 che
1343 2140 1617 2181 passeranno
1646 2123 1809 2166 fin'alla

178 2209 339 2262 specie,
364 2209 440 2249 dar
466 2222 556 2249 una
596 2207 709 2248 uista
742 2221 767 2247 a
789 2206 942 2249 Sicilia
965 2219 1049 2246 0011
1075 2206 1225 2245 1100113
1247 2203 1418 2246 licenza
1447 2202 1693 2245 dell’Illmo.
1721 2214 1809 2242 car-

178 2285 325 2326 dinale
351 2300 426 2338 per
452 2298 509 2325 un
537 2298 612 2338 par
635 2283 679 2324 di
704 2282 828 2331 mesi,
855 2283 1045 2324 sarebbe
1075 2280 1118 2321 di
1149 2280 1286 2321 molto
1314 2280 1486 2334 grande
1516 2279 1807 2332 importanza,

179 2361 215 2403 si
243 2376 319 2415 per
340 2362 439 2403 altri
465 2360 638 2415 luoghi,
665 2358 701 2401 si
726 2359 859 2401 etiam
886 2373 961 2413 per
985 2365 1146 2411 questo
1165 2357 1208 2397 di
1234 2357 1456 2407 Palermo,
1478 2357 1594 2397 doue
1614 2357 1653 2396 la
1673 2368 1810 2408 cupu-

182 2442 225 2484 la
249 2439 363 2480 della
386 2438 538 2480 chiesa
560 2438 736 2478 ch'esso
759 2434 966 2489 designo,
992 2436 1048 2475 ha
1078 2436 1189 2476 fatto
1218 2434 1262 2475 in
1293 2432 1460 2474 diuersi
1485 2431 1643 2486 luoghi
1668 2431 1811 2473 risen-

184 2514 385 2565 timento,
416 2522 459 2556 et
488 2514 801 2556 conuerrebbe
836 2511 1059 2553 risoluersi
1090 2525 1137 2552 se
1168 2511 1203 2552 si
1237 2513 1292 2552 113
1326 2510 1369 2551 di
1400 2510 1587 2551 rouinar
1621 2508 1813 2561 qualche

182 2599 320 2645 parte,
353 2605 377 2631 0
406 2590 547 2632 finirsi
578 2591 617 2631 la
648 2589 833 2631 fabrica.
865 2587 911 2630 Si
950 2588 1128 2628 uedono
1159 2589 1302 2628 anche
1334 2586 1443 2628 certi
1478 2581 1814 2626 inconuenienti

187 2750 368 2784 Farnesio
388 2749 605 2783 reservanti
641 2748 714 2782 sibi
753 2748 947 2781 fructuum
981 2752 1141 2791 partem.
1174 2745 1267 2779 VAN
1299 2741 1704 2788 GULlK-EUBEL‚III‚
1736 2741 1814 2784 267.

188 2807 247 2841 Cf.
269 2813 396 2841 autem
420 2808 534 2852 epist.
556 2819 653 2852 seq.,
676 2819 713 2842 n.
736 2817 757 2848 4
777 2812 814 2840 et
834 2811 965 2840 annot.
987 2814 1019 2847 5.

259 2867 271 2885 ³
321 2867 539 2911 Responsio
558 2866 694 2900 similis
713 2871 772 2900 est
792 2865 825 2899 ei
843 2875 942 2910 quae
961 2864 1183 2898 continetur
1203 2864 1241 2897 in
1261 2863 1376 2907 epist.
1397 2870 1476 2904 222,
1505 2873 1541 2895 n.
1566 2868 1596 2903 13
1619 2859 1723 2893 addit
1744 2867 1812 2903 po-

188 2931 369 2958 testatem
390 2925 729 2959 extraordinariam
750 2936 824 2958 non
846 2923 967 2957 videri
988 2933 1164 2965 necesse3
1185 2923 1217 2956 si
1246 2922 1334 2956 novi
1359 2920 1450 2967 quid
1474 2919 1691 2954 addendum
1720 2915 1814 2951 ordi-

191 2984 311 3017 nariis
332 2983 594 3027 facultatibus,
616 2985 805 3024 consulat,
827 2987 1055 3027 moneatque
1076 2981 1371 3016 Mercurianum.

1887 1147 1891 1158 Α
1888 1119 1891 1123 .
1885 1062 1891 1099 ...
1884 891 1891 1044 -.-.-...·.
1872 674 1891 872 ..aiv-hammam
