1891 3292
218 197 285 231 312
711 192 897 225 POLANC1
926 198 1237 224 COMPLEMENTA

259 309 298 347 4.
369 295 492 335 Della
533 307 636 333 casa
670 292 724 332 de
761 290 947 344 professi
983 290 1028 329 fu
1069 289 1277 343 risposto:
1331 287 1493 329 Videat
1538 286 1792 341 prouincia-

168 373 236 425 lis,
263 380 368 420 eto,
395 378 437 411 et
461 368 626 410 scribat
643 368 698 409 ad
723 366 997 421 generalem.

260 458 298 500 5.
366 444 637 487 Dell'ordine
666 444 735 485 del
766 444 925 496 legger
947 442 976 482 il
1006 456 1136 482 corso
1163 440 1292 482 d'arti
1316 448 1359 482 et
1382 439 1627 493 theologia.
1659 440 1705 482 Si
1730 440 1789 480 ri-

171 524 355 578 sponde:
392 522 592 564 Mittetur
624 520 699 561 ubi
730 519 991 573 recognitus
1015 518 1163 559 fuerit.
1199 517 1253 559 Di
1284 524 1442 570 queste
1473 529 1495 570 3
1528 530 1631 557 cose
1660 515 1790 557 etiarn

171 599 328 640 dubito
352 611 399 639 se
422 597 456 637 si
480 611 592 638 sono
616 596 690 650 gi'a
715 595 939 636 mandate.

258 676 299 715 6.
368 675 428 716 La
458 672 693 714 risolution
722 672 837 713 delle
862 684 966 712 cose
997 678 1207 724 proposte
1236 670 1317 710 alla
1350 669 1721 722 congregatione.
1748 669 1794 711 Si
1859 674 1891 695 f'

171 751 386 804 risponde
410 749 560 791 etiam:
591 748 812 797 Mittetur,
838 754 927 788 etc.

260 835 302 879 7'.
368 827 508 867 Come
527 825 743 866 s'intende
762 825 800 864 la
825 823 890 864 6:2¹
915 824 1067 876 regola
1090 823 1204 863 delle
1227 821 1471 863 communi.
1498 821 1543 863 Si
1568 820 1794 873 risponde:

174 901 502 945 Declarahitur.
800 901 803 903 ’
1480 941 1491 948 ,

263 980 303 1021 8.
371 979 429 1021 Se
454 978 481 1018 li
505 977 725 1018 sacerdoti
749 984 791 1017 et
818 975 996 1017 maestri
1020 975 1228 1016 debbono
1254 975 1316 1015 far
1336 974 1365 1014 li
1388 973 1531 1028 tuoni,
1557 980 1647 1015 etc.
1673 973 1718 1015 Si
1744 973 1799 1013 ri-

173 1055 360 1110 sponde:
389 1054 608 1096 Videatur
631 1053 737 1105 quid
760 1053 804 1093 in
829 1051 1020 1105 collegio
1044 1065 1228 1093 romano
1252 1057 1475 1092 seruetur.

259 1147 299 1187 9.
366 1132 465 1173 Che
487 1130 523 1171 si
547 1130 710 1171 risolua
734 1130 773 1170 la
798 1143 902 1170 cosa
926 1128 1041 1171 della
1063 1129 1145 1180 4.ῒᾶ
1161 1127 1174 1146 ³
1201 1128 1243 1168 di
1274 1127 1507 1170 Siracusa.
1544 1126 1796 1180 Responde-

175 1219 262 1250 tur:
293 1207 510 1250 Videatur
534 1221 635 1248 curn
665 1209 795 1248 Patre
820 1213 1113 1260 procuratore
1137 1204 1352 1259 generali.

272 1297 320 1326 Io
402 1284 501 1325 Che
525 1283 559 1324 si
585 1284 746 1336 stampi
771 1282 954 1324 l'indice
976 1281 1092 1323 delle
1108 1279 1444 1322 constitutioni.
1471 1279 1798 1333 Respondetur:

180 1360 433 1404 Uidebitur.
460 1359 517 1401 Di
540 1367 699 1413 queste
722 1372 827 1400 cose
851 1358 984 1401 etiam
1008 1357 1165 1398 dubito
1188 1370 1314 1398 corne
1337 1356 1381 1398 di
1405 1370 1552 1410 sopra.

267 1437 390 1477 Sono
418 1438 615 1478 anchora
644 1436 754 1477 altre
785 1444 1012 1489 proposte‚
1038 1435 1155 1476 doue
1184 1433 1220 1475 si
1243 1433 1469 1487 risponde:
1506 1430 1801 1474 Vniuersalia.

181 1515 235 1555 V.
264 1515 315 1555 R.
344 1528 420 1568 per
451 1512 590 1554 carita
619 1511 787 1554 m'auisi
811 1526 858 1553 se
882 1511 917 1553 si
948 1512 1044 1554 fece
1067 1510 1141 1565 gia
1164 1510 1207 1551 di
1232 1518 1390 1563 queste
1421 1508 1494 1549 tali
1525 1507 1801 1549 risolutione.

180 1590 276 1631 Tali
302 1604 413 1631 sono
435 1590 476 1631 le
498 1588 724 1643 seguenti:

269 1667 410 1720 Saper
442 1667 528 1707 che
561 1665 597 1706 si
632 1666 724 1706 fara
757 1679 840 1705 con
876 1642 1009 1717 quelli
1044 1665 1127 1706 che
1166 1663 1200 1705 si
1240 1670 1428 1717 partono
1465 1661 1581 1703 della
1614 1661 1807 1714 Compa-

182 1743 305 1797 gnia,
334 1742 403 1785 n.⁰
433 1753 499 1795 15.

274 1820 353 1861 Del
378 1821 446 1860 far
469 1820 658 1873 professi
682 1819 815 1873 quelli
839 1820 922 1860 che
945 1820 1096 1858 hanno
1119 1816 1321 1871 habilitat,
1348 1823 1454 1865 etc.‚
1482 1814 1562 1855 n.⁰
1587 1825 1658 1857 20.
1872 1845 1875 1880 ἱ

270 1896 366 1937 Che
395 1897 511 1938 nella
541 1896 685 1950 logica
716 1895 867 1938 leuino
890 1896 931 1937 le
960 1893 1184 1949 questioni
1207 1894 1262 1935 de
1290 1891 1638 1945 Vniuersalihus‚
1665 1891 1737 1932 n.⁰
1763 1902 1803 1942 3,
1849 1874 1861 1892 ⁸

183 1973 238 2014 de
264 1972 503 2026 propositis
528 1973 569 2013 in
595 1972 952 2027 congregatione
977 1970 1253 2025 prouinciali.

273 2048 387 2090 Delli
411 2048 522 2089 auisi
548 2063 625 2102 per
647 2048 674 2088 li
699 2048 894 2097 maestri,
923 2046 993 2090 n.⁰
1017 2047 1057 2089 6.

271 2124 367 2167 Che
390 2124 425 2165 si
451 2125 676 2178 purghino
700 2124 727 2164 li
754 2124 887 2177 poeti,
914 2138 958 2164 n.
987 2134 1028 2176 7.

273 2201 370 2243 Che
393 2201 427 2242 si
452 2208 640 2253 ottenga
663 2200 706 2241 di
730 2214 819 2241 non
844 2201 998 2240 andar’
1025 2201 1109 2242 alle
1133 2198 1426 2254 processioni,
1449 2196 1519 2239 n.⁰
1549 2209 1564 2238 1
1580 2209 1615 2239 Ι.

273 2278 370 2319 Che
395 2278 527 2318 modo
549 2277 592 2317 di
616 2276 791 2318 cinture
814 2276 849 2318 si
872 2278 1023 2317 hanno
1046 2277 1101 2317 da
1126 2290 1274 2318 usare.

277 2355 336 2397 Se
359 2355 487 2408 potra
514 2352 681 2394 dormir
704 2354 835 2394 alcun
867 2353 1042 2394 fratello
1071 2353 1156 2394 alla
1181 2351 1335 2406 uigna,
1361 2352 1433 2394 11.ο
1457 2362 1484 2402 4
1506 2350 1621 2391 inter
1646 2362 1806 2403 propo-

187 2431 270 2472 sita
293 2446 318 2472 a
343 2432 394 2471 Ρ.
426 2431 585 2472 Paulo.

276 2507 440 2561 Quello
461 2508 546 2547 che
568 2521 592 2547 a
616 2507 671 2547 V.
698 2507 749 2548 R.
776 2507 1008 2547 occorrera
1031 2505 1074 2546 in
1099 2512 1257 2558 queste
1279 2518 1398 2554 cose,
1421 2518 1497 2558 per
1520 2502 1657 2545 carita
1681 2517 1751 2544 me
1768 2501 1811 2542 lo

187 2583 335 2624 mandi
359 2597 383 2624 a
406 2583 614 2634 Messina,
635 2581 842 2623 massime
859 2596 906 2623 se
930 2582 1120 2634 qualche
1137 2594 1242 2622 cosa
1265 2595 1312 2621 sa
1335 2594 1458 2623 esser
1475 2580 1709 2621 conforme
1727 2578 1811 2618 alla

187 2666 335 2701 mente
357 2659 401 2699 di
422 2666 579 2699 nostro
606 2658 765 2700 Padre.
793 2657 972 2707 Interim
998 2664 1156 2710 questa
1179 2656 1207 2697 li
1230 2656 1401 2698 seruira
1424 2657 1567 2697 anche
1591 2669 1667 2709 per
1685 2667 1809 2696 occa·

189 2735 311 2775 sione
333 2735 376 2775 di
412 2734 770 2776 raccomandarci
799 2734 936 2775 molto
959 2734 1042 2776 alle
1071 2732 1261 2773 orationi
1283 2740 1327 2774 et
1357 2731 1565 2774 sacrificii
1587 2731 1630 2772 di
1655 2730 1708 2774 V.
1737 2731 1808 2778 R..

261 2857 273 2875 ²
326 2859 515 2901 «Quarta»
536 2858 828 2902 nuncupabatur
847 2855 1032 2890 tributum
1068 2855 1309 2900 praesulibus
1337 2854 1563 2889 solvendum
1595 2864 1641 2889 ex
1667 2852 1810 2887 relictis

192 2915 238 2949 ad
269 2917 349 2960 pias
373 2927 521 2950 causaS.
555 2914 615 2952 cf.
649 2916 679 2949 si
711 2921 822 2949 vacat
852 2915 1090 2949 HERCULEM
1123 2915 1474 2948 BRANchORTmM
1503 2919 1593 2956 ete„
1626 2911 1811 2957 Capitula

194 2974 323 3018 Regni
356 2975 562 3009 Siciliae...
586 2975 614 3017 Ι,
637 2983 705 3018 229
720 2977 816 3019 (cap.
838 2973 973 3015 LXX).
