<?xml version="1.0" encoding="UTF-8"?>
<!DOCTYPE html PUBLIC "-//W3C//DTD XHTML 1.0 Transitional//EN"
    "http://www.w3.org/TR/xhtml1/DTD/xhtml1-transitional.dtd">
<html xmlns="http://www.w3.org/1999/xhtml" xml:lang="en" lang="en">
 <head>
  <title>
</title>
<meta http-equiv="Content-Type" content="text/html;charset=utf-8" />
  <meta name='ocr-system' content='tesseract 3.04.00' />
  <meta name='ocr-capabilities' content='ocr_page ocr_carea ocr_par ocr_line ocrx_word'/>
</head>
<body>
  <div class='ocr_page' id='page_1' title='image "./polancicomplemen07pola_0284.png"; bbox 0 0 1891 3292; ppageno 0'>
   <div class='ocr_carea' id='block_1_1' title="bbox 253 192 1294 228">
    <p class='ocr_par' dir='ltr' id='par_1_1' title="bbox 253 192 1294 228">
     <span class='ocr_line' id='line_1_1' title="bbox 253 192 1294 228; baseline -0.002 -2"><span class='ocrx_word' id='word_1_1' title='bbox 253 192 322 226; x_wconf 76' lang='lat'>262</span> <span class='ocrx_word' id='word_1_2' title='bbox 760 193 948 228; x_wconf 85' lang='lat' dir='ltr'>POLANC1</span> <span class='ocrx_word' id='word_1_3' title='bbox 975 200 1294 228; x_wconf 76' lang='lat' dir='ltr'><strong>COMPLEMENTA</strong></span> 
     </span>
    </p>
   </div>
   <div class='ocr_carea' id='block_1_2' title="bbox 189 289 1877 2866">
    <p class='ocr_par' dir='ltr' id='par_1_2' title="bbox 195 289 1829 1098">
     <span class='ocr_line' id='line_1_2' title="bbox 287 289 1829 347; baseline -0.001 -14"><span class='ocrx_word' id='word_1_4' title='bbox 287 293 328 333; x_wconf 77' lang='lat'>8.</span> <span class='ocrx_word' id='word_1_5' title='bbox 403 292 645 334; x_wconf 89' lang='lat' dir='ltr'>Videretur</span> <span class='ocrx_word' id='word_1_6' title='bbox 675 306 854 347; x_wconf 87' lang='lat' dir='ltr'>quoque</span> <span class='ocrx_word' id='word_1_7' title='bbox 882 294 1137 334; x_wconf 86' lang='lat' dir='ltr'>consultum</span> <span class='ocrx_word' id='word_1_8' title='bbox 1173 304 1219 332; x_wconf 90' lang='lat' dir='ltr'>ut</span> <span class='ocrx_word' id='word_1_9' title='bbox 1252 305 1333 332; x_wconf 88' lang='lat' dir='ltr'>sua</span> <span class='ocrx_word' id='word_1_10' title='bbox 1367 289 1582 331; x_wconf 79' lang='lat' dir='ltr'>sanctitas</span> <span class='ocrx_word' id='word_1_11' title='bbox 1605 303 1829 332; x_wconf 85' lang='lat' dir='ltr'>commen·</span> 
     </span>
     <span class='ocr_line' id='line_1_3' title="bbox 199 365 1827 424; baseline -0.001 -15"><span class='ocrx_word' id='word_1_12' title='bbox 199 369 325 411; x_wconf 88' lang='lat' dir='ltr'>daret</span> <span class='ocrx_word' id='word_1_13' title='bbox 364 375 549 422; x_wconf 90' lang='lat' dir='ltr'>paterno</span> <span class='ocrx_word' id='word_1_14' title='bbox 588 368 738 423; x_wconf 90' lang='lat' dir='ltr'>aliquo</span> <span class='ocrx_word' id='word_1_15' title='bbox 775 370 941 424; x_wconf 88' lang='lat' dir='ltr'>scripto</span> <span class='ocrx_word' id='word_1_16' title='bbox 979 367 1239 423; x_wconf 88' lang='lat' dir='ltr'>imperatori</span> <span class='ocrx_word' id='word_1_17' title='bbox 1280 374 1324 409; x_wconf 90' lang='lat' dir='ltr'>et</span> <span class='ocrx_word' id='word_1_18' title='bbox 1366 365 1641 421; x_wconf 88' lang='lat' dir='ltr'>principibus</span> <span class='ocrx_word' id='word_1_19' title='bbox 1679 368 1827 408; x_wconf 87' lang='lat' dir='ltr'>catho-</span> 
     </span>
     <span class='ocr_line' id='line_1_4' title="bbox 198 442 1827 501; baseline -0.001 -16"><span class='ocrx_word' id='word_1_20' title='bbox 198 444 309 498; x_wconf 83' lang='lat' dir='ltr'>licis,</span> <span class='ocrx_word' id='word_1_21' title='bbox 350 444 485 485; x_wconf 77' lang='lat' dir='ltr'>imino</span> <span class='ocrx_word' id='word_1_22' title='bbox 518 445 651 487; x_wconf 89' lang='lat' dir='ltr'>etiam</span> <span class='ocrx_word' id='word_1_23' title='bbox 686 460 763 500; x_wconf 94' lang='lat' dir='ltr'>per</span> <span class='ocrx_word' id='word_1_24' title='bbox 797 445 1111 501; x_wconf 78' lang='lat' dir='ltr'>imperatorem</span> <span class='ocrx_word' id='word_1_25' title='bbox 1147 458 1235 485; x_wconf 91' lang='lat' dir='ltr'>non</span> <span class='ocrx_word' id='word_1_26' title='bbox 1270 442 1522 492; x_wconf 78' lang='lat' dir='ltr'>catholicis,</span> <span class='ocrx_word' id='word_1_27' title='bbox 1563 455 1647 484; x_wconf 89' lang='lat' dir='ltr'>nec</span> <span class='ocrx_word' id='word_1_28' title='bbox 1681 448 1827 485; x_wconf 89' lang='lat' dir='ltr'>tamen</span> 
     </span>
     <span class='ocr_line' id='line_1_5' title="bbox 199 518 1829 576; baseline -0.002 -13"><span class='ocrx_word' id='word_1_29' title='bbox 199 521 381 563; x_wconf 92' lang='lat' dir='ltr'>omnino</span> <span class='ocrx_word' id='word_1_30' title='bbox 413 521 669 572; x_wconf 78' lang='lat' dir='ltr'><strong>haereticis,</strong></span> <span class='ocrx_word' id='word_1_31' title='bbox 706 529 754 563; x_wconf 91' lang='lat' dir='ltr'>ut</span> <span class='ocrx_word' id='word_1_32' title='bbox 778 530 1010 576; x_wconf 89' lang='lat' dir='ltr'>pastorum</span> <span class='ocrx_word' id='word_1_33' title='bbox 1035 535 1238 572; x_wconf 77' lang='lat' dir='ltr'>examen,</span> <span class='ocrx_word' id='word_1_34' title='bbox 1264 528 1307 562; x_wconf 91' lang='lat' dir='ltr'>et</span> <span class='ocrx_word' id='word_1_35' title='bbox 1332 518 1719 568; x_wconf 82' lang='lat' dir='ltr'>concionatorum,</span> <span class='ocrx_word' id='word_1_36' title='bbox 1756 519 1829 572; x_wconf 89' lang='lat' dir='ltr'>qui</span> 
     </span>
     <span class='ocr_line' id='line_1_6' title="bbox 198 593 1823 653; baseline -0.002 -14"><span class='ocrx_word' id='word_1_37' title='bbox 198 597 361 653; x_wconf 88' lang='lat' dir='ltr'>passim</span> <span class='ocrx_word' id='word_1_38' title='bbox 386 597 699 652; x_wconf 87' lang='lat' dir='ltr'>instituuntur,</span> <span class='ocrx_word' id='word_1_39' title='bbox 727 598 1032 652; x_wconf 78' lang='lat' dir='ltr'>relinquerent</span> <span class='ocrx_word' id='word_1_40' title='bbox 1056 596 1293 652; x_wconf 87' lang='lat' dir='ltr'>episcopis,</span> <span class='ocrx_word' id='word_1_41' title='bbox 1315 609 1560 648; x_wconf 89' lang='lat' dir='ltr'>eorumque</span> <span class='ocrx_word' id='word_1_42' title='bbox 1583 593 1823 648; x_wconf 88' lang='lat' dir='ltr'>spiritalem</span> 
     </span>
     <span class='ocr_line' id='line_1_7' title="bbox 195 671 1823 729; baseline -0.002 -15"><span class='ocrx_word' id='word_1_43' title='bbox 195 673 548 716; x_wconf 87' lang='lat' dir='ltr'>iurisdictionem</span> <span class='ocrx_word' id='word_1_44' title='bbox 580 674 663 715; x_wconf 91' lang='lat' dir='ltr'>sibi</span> <span class='ocrx_word' id='word_1_45' title='bbox 695 689 784 715; x_wconf 88' lang='lat' dir='ltr'>non</span> <span class='ocrx_word' id='word_1_46' title='bbox 816 681 1101 729; x_wconf 87' lang='lat' dir='ltr'>usurparent;</span> <span class='ocrx_word' id='word_1_47' title='bbox 1132 674 1209 715; x_wconf 87' lang='lat' dir='ltr'>sed</span> <span class='ocrx_word' id='word_1_48' title='bbox 1239 672 1283 713; x_wconf 92' lang='lat' dir='ltr'>in</span> <span class='ocrx_word' id='word_1_49' title='bbox 1309 686 1360 714; x_wconf 84' lang='lat' dir='ltr'>ea</span> <span class='ocrx_word' id='word_1_50' title='bbox 1382 671 1652 712; x_wconf 85' lang='lat' dir='ltr'>conferenda</span> <span class='ocrx_word' id='word_1_51' title='bbox 1682 671 1823 712; x_wconf 91' lang='lat' dir='ltr'>eccle-</span> 
     </span>
     <span class='ocr_line' id='line_1_8' title="bbox 195 747 1825 805; baseline -0.002 -13"><span class='ocrx_word' id='word_1_52' title='bbox 195 751 399 792; x_wconf 89' lang='lat' dir='ltr'>siasticos</span> <span class='ocrx_word' id='word_1_53' title='bbox 424 752 646 805; x_wconf 87' lang='lat' dir='ltr'>praelatos</span> <span class='ocrx_word' id='word_1_54' title='bbox 670 751 871 805; x_wconf 81' lang='lat' dir='ltr'>requisiti</span> <span class='ocrx_word' id='word_1_55' title='bbox 895 759 1077 793; x_wconf 90' lang='lat' dir='ltr'>strenue</span> <span class='ocrx_word' id='word_1_56' title='bbox 1101 758 1145 792; x_wconf 91' lang='lat' dir='ltr'>et</span> <span class='ocrx_word' id='word_1_57' title='bbox 1163 749 1409 791; x_wconf 84' lang='lat' dir='ltr'>christiano</span> <span class='ocrx_word' id='word_1_58' title='bbox 1432 749 1580 789; x_wconf 90' lang='lat' dir='ltr'>animo</span> <span class='ocrx_word' id='word_1_59' title='bbox 1604 747 1825 790; x_wconf 81' lang='lat' dir='ltr'>iuuarent3</span> 
     </span>
     <span class='ocr_line' id='line_1_9' title="bbox 197 823 1824 881; baseline -0.002 -13"><span class='ocrx_word' id='word_1_60' title='bbox 197 835 374 881; x_wconf 77' lang='lat' dir='ltr'>propter</span> <span class='ocrx_word' id='word_1_61' title='bbox 415 827 699 881; x_wconf 77' lang='lat' dir='ltr'>imperitiam,</span> <span class='ocrx_word' id='word_1_62' title='bbox 742 828 1022 869; x_wconf 90' lang='lat' dir='ltr'>vocationem</span> <span class='ocrx_word' id='word_1_63' title='bbox 1063 827 1212 880; x_wconf 80' lang='lat' dir='ltr'>aliam,</span> <span class='ocrx_word' id='word_1_64' title='bbox 1254 824 1575 880; x_wconf 74' lang='lat' dir='ltr'>occupationes</span> <span class='ocrx_word' id='word_1_65' title='bbox 1613 823 1824 877; x_wconf 88' lang='lat' dir='ltr'>infinitas,</span> 
     </span>
     <span class='ocr_line' id='line_1_10' title="bbox 197 899 1824 949; baseline -0.001 -5"><span class='ocrx_word' id='word_1_66' title='bbox 197 917 300 944; x_wconf 88' lang='lat' dir='ltr'>cum</span> <span class='ocrx_word' id='word_1_67' title='bbox 325 917 414 944; x_wconf 89' lang='lat' dir='ltr'>non</span> <span class='ocrx_word' id='word_1_68' title='bbox 442 904 621 945; x_wconf 87' lang='lat' dir='ltr'>ualeant</span> <span class='ocrx_word' id='word_1_69' title='bbox 651 918 733 947; x_wconf 89' lang='lat' dir='ltr'>nec</span> <span class='ocrx_word' id='word_1_70' title='bbox 764 903 1041 946; x_wconf 89' lang='lat' dir='ltr'>sufficientes</span> <span class='ocrx_word' id='word_1_71' title='bbox 1070 903 1159 944; x_wconf 92' lang='lat' dir='ltr'>sint</span> <span class='ocrx_word' id='word_1_72' title='bbox 1192 901 1390 943; x_wconf 90' lang='lat' dir='ltr'>iudicare</span> <span class='ocrx_word' id='word_1_73' title='bbox 1414 902 1469 943; x_wconf 89' lang='lat' dir='ltr'>de</span> <span class='ocrx_word' id='word_1_74' title='bbox 1492 899 1712 949; x_wconf 88' lang='lat' dir='ltr'>doctrina,</span> <span class='ocrx_word' id='word_1_75' title='bbox 1740 899 1824 942; x_wconf 89' lang='lat' dir='ltr'>fide</span> 
     </span>
     <span class='ocr_line' id='line_1_11' title="bbox 195 977 1824 1034; baseline -0.002 -13"><span class='ocrx_word' id='word_1_76' title='bbox 195 988 240 1022; x_wconf 91' lang='lat' dir='ltr'>et</span> <span class='ocrx_word' id='word_1_77' title='bbox 263 980 601 1022; x_wconf 83' lang='lat' dir='ltr'>conditionibus</span> <span class='ocrx_word' id='word_1_78' title='bbox 626 994 740 1034; x_wconf 82' lang='lat' dir='ltr'>quae</span> <span class='ocrx_word' id='word_1_79' title='bbox 764 982 1056 1033; x_wconf 89' lang='lat' dir='ltr'>requiruntur</span> <span class='ocrx_word' id='word_1_80' title='bbox 1079 980 1123 1020; x_wconf 90' lang='lat' dir='ltr'>in</span> <span class='ocrx_word' id='word_1_81' title='bbox 1144 978 1400 1033; x_wconf 78' lang='lat' dir='ltr'>pastoribus</span> <span class='ocrx_word' id='word_1_82' title='bbox 1423 977 1671 1018; x_wconf 70' lang='lat' dir='ltr'>animarum</span> <span class='ocrx_word' id='word_1_83' title='bbox 1691 984 1735 1018; x_wconf 87' lang='lat' dir='ltr'>et</span> <span class='ocrx_word' id='word_1_84' title='bbox 1753 977 1824 1017; x_wconf 86' lang='lat' dir='ltr'>do-</span> 
     </span>
     <span class='ocr_line' id='line_1_12' title="bbox 200 1056 417 1098; baseline 0.005 -1"><span class='ocrx_word' id='word_1_85' title='bbox 200 1056 417 1098; x_wconf 88' lang='lat' dir='ltr'>ctoribus.</span> 
     </span>
    </p>

    <p class='ocr_par' dir='ltr' id='par_1_3' title="bbox 193 1133 1877 1862">
     <span class='ocr_line' id='line_1_13' title="bbox 281 1133 1820 1187; baseline -0.003 -13"><span class='ocrx_word' id='word_1_86' title='bbox 281 1147 323 1187; x_wconf 82' lang='lat'>9.</span> <span class='ocrx_word' id='word_1_87' title='bbox 392 1133 678 1187; x_wconf 87' lang='lat' dir='ltr'>Experientia</span> <span class='ocrx_word' id='word_1_88' title='bbox 703 1140 984 1187; x_wconf 90' lang='lat' dir='ltr'>compertum</span> <span class='ocrx_word' id='word_1_89' title='bbox 1007 1143 1074 1174; x_wconf 84' lang='lat' dir='ltr'>est</span> <span class='ocrx_word' id='word_1_90' title='bbox 1099 1133 1218 1186; x_wconf 86' lang='lat' dir='ltr'>quod</span> <span class='ocrx_word' id='word_1_91' title='bbox 1238 1134 1451 1174; x_wconf 83' lang='lat' dir='ltr'>haereses</span> <span class='ocrx_word' id='word_1_92' title='bbox 1476 1140 1523 1171; x_wconf 93' lang='lat' dir='ltr'>ut</span> <span class='ocrx_word' id='word_1_93' title='bbox 1547 1137 1679 1172; x_wconf 89' lang='lat' dir='ltr'>natae</span> <span class='ocrx_word' id='word_1_94' title='bbox 1704 1135 1820 1179; x_wconf 85' lang='lat' dir='ltr'>sunt,</span> 
     </span>
     <span class='ocr_line' id='line_1_14' title="bbox 196 1206 1819 1262; baseline -0.002 -13"><span class='ocrx_word' id='word_1_95' title='bbox 196 1208 256 1250; x_wconf 85' lang='lat' dir='ltr'>ita</span> <span class='ocrx_word' id='word_1_96' title='bbox 280 1222 461 1262; x_wconf 84' lang='lat' dir='ltr'>quoque</span> <span class='ocrx_word' id='word_1_97' title='bbox 487 1210 697 1251; x_wconf 90' lang='lat' dir='ltr'>fouentur</span> <span class='ocrx_word' id='word_1_98' title='bbox 726 1217 770 1251; x_wconf 93' lang='lat' dir='ltr'>et</span> <span class='ocrx_word' id='word_1_99' title='bbox 800 1209 1062 1250; x_wconf 88' lang='lat' dir='ltr'>nutriuntur</span> <span class='ocrx_word' id='word_1_100' title='bbox 1092 1209 1136 1249; x_wconf 89' lang='lat' dir='ltr'>in</span> <span class='ocrx_word' id='word_1_101' title='bbox 1166 1208 1429 1258; x_wconf 78' lang='lat' dir='ltr'>Germania,</span> <span class='ocrx_word' id='word_1_102' title='bbox 1455 1206 1662 1248; x_wconf 87' lang='lat' dir='ltr'>videlicet</span> <span class='ocrx_word' id='word_1_103' title='bbox 1694 1219 1819 1247; x_wconf 87' lang='lat' dir='ltr'>men-</span> 
     </span>
     <span class='ocr_line' id='line_1_15' title="bbox 195 1281 1820 1337; baseline -0.002 -12"><span class='ocrx_word' id='word_1_104' title='bbox 195 1285 348 1335; x_wconf 81' lang='lat' dir='ltr'>daciis,</span> <span class='ocrx_word' id='word_1_105' title='bbox 377 1285 671 1336; x_wconf 85' lang='lat' dir='ltr'>irrisionibus,</span> <span class='ocrx_word' id='word_1_106' title='bbox 697 1286 1068 1336; x_wconf 84' lang='lat' dir='ltr'>detractionibus,</span> <span class='ocrx_word' id='word_1_107' title='bbox 1096 1285 1435 1328; x_wconf 88' lang='lat' dir='ltr'>rebellionibus.</span> <span class='ocrx_word' id='word_1_108' title='bbox 1462 1285 1617 1337; x_wconf 76' lang='lat' dir='ltr'>Quare</span> <span class='ocrx_word' id='word_1_109' title='bbox 1646 1281 1820 1336; x_wconf 90' lang='lat' dir='ltr'>expedi-</span> 
     </span>
     <span class='ocr_line' id='line_1_16' title="bbox 195 1360 1817 1415; baseline -0.001 -13"><span class='ocrx_word' id='word_1_110' title='bbox 195 1368 262 1402; x_wconf 89' lang='lat' dir='ltr'>ret</span> <span class='ocrx_word' id='word_1_111' title='bbox 284 1376 409 1403; x_wconf 88' lang='lat' dir='ltr'>suam</span> <span class='ocrx_word' id='word_1_112' title='bbox 434 1362 716 1405; x_wconf 79' lang='lat' dir='ltr'>sanctitatem</span> <span class='ocrx_word' id='word_1_113' title='bbox 743 1362 858 1415; x_wconf 88' lang='lat' dir='ltr'>(siue</span> <span class='ocrx_word' id='word_1_114' title='bbox 884 1377 959 1412; x_wconf 84' lang='lat' dir='ltr'>per</span> <span class='ocrx_word' id='word_1_115' title='bbox 982 1361 1328 1411; x_wconf 83' lang='lat' dir='ltr'>ecclesiasticos,</span> <span class='ocrx_word' id='word_1_116' title='bbox 1351 1361 1447 1402; x_wconf 88' lang='lat' dir='ltr'>siue</span> <span class='ocrx_word' id='word_1_117' title='bbox 1460 1374 1547 1415; x_wconf 91' lang='lat' dir='ltr'>·per</span> <span class='ocrx_word' id='word_1_118' title='bbox 1569 1360 1817 1402; x_wconf 88' lang='lat' dir='ltr'>saeculares</span> 
     </span>
     <span class='ocr_line' id='line_1_17' title="bbox 194 1424 1812 1492; baseline -0.001 -14"><span class='ocrx_word' id='word_1_119' title='bbox 194 1437 418 1492; x_wconf 88' lang='lat' dir='ltr'>principes</span> <span class='ocrx_word' id='word_1_120' title='bbox 440 1438 484 1479; x_wconf 91' lang='lat' dir='ltr'>id</span> <span class='ocrx_word' id='word_1_121' title='bbox 510 1439 762 1480; x_wconf 89' lang='lat' dir='ltr'>faciendum</span> <span class='ocrx_word' id='word_1_122' title='bbox 786 1441 940 1492; x_wconf 86' lang='lat' dir='ltr'>esset),</span> <span class='ocrx_word' id='word_1_123' title='bbox 967 1452 1126 1480; x_wconf 88' lang='lat' dir='ltr'>curare</span> <span class='ocrx_word' id='word_1_124' title='bbox 1150 1447 1197 1479; x_wconf 90' lang='lat' dir='ltr'>ut</span> <span class='ocrx_word' id='word_1_125' title='bbox 1221 1424 1417 1492; x_wconf 42' lang='lat' dir='ltr'>quod&#39;de</span> <span class='ocrx_word' id='word_1_126' title='bbox 1435 1436 1742 1478; x_wconf 85' lang='lat' dir='ltr'>examinandis</span> <span class='ocrx_word' id='word_1_127' title='bbox 1765 1435 1812 1476; x_wconf 94' lang='lat' dir='ltr'>li-</span> 
     </span>
     <span class='ocr_line' id='line_1_18' title="bbox 194 1512 1877 1566; baseline -0.001 -12"><span class='ocrx_word' id='word_1_128' title='bbox 194 1513 286 1555; x_wconf 90' lang='lat' dir='ltr'>bris</span> <span class='ocrx_word' id='word_1_129' title='bbox 308 1523 488 1555; x_wconf 87' lang='lat' dir='ltr'>cautum</span> <span class='ocrx_word' id='word_1_130' title='bbox 509 1514 592 1555; x_wconf 83' lang='lat' dir='ltr'>fuit</span> <span class='ocrx_word' id='word_1_131' title='bbox 607 1515 828 1564; x_wconf 89' lang='lat' dir='ltr'>Tridenti,</span> <span class='ocrx_word' id='word_1_132' title='bbox 850 1515 1133 1557; x_wconf 83' lang='lat' dir='ltr'>exactissime</span> <span class='ocrx_word' id='word_1_133' title='bbox 1150 1523 1424 1564; x_wconf 89' lang='lat' dir='ltr'>seruaretur,</span> <span class='ocrx_word' id='word_1_134' title='bbox 1450 1512 1814 1566; x_wconf 78' lang='lat' dir='ltr'>grauissimisque</span> <span class='ocrx_word' id='word_1_135' title='bbox 1875 1512 1877 1514; x_wconf 64' lang='grc'><strong>’</strong></span> 
     </span>
     <span class='ocr_line' id='line_1_19' title="bbox 193 1589 1814 1645; baseline 0 -15"><span class='ocrx_word' id='word_1_136' title='bbox 193 1590 347 1644; x_wconf 90' lang='lat' dir='ltr'>poenis</span> <span class='ocrx_word' id='word_1_137' title='bbox 373 1590 644 1645; x_wconf 83' lang='lat' dir='ltr'>typographi</span> <span class='ocrx_word' id='word_1_138' title='bbox 665 1598 708 1632; x_wconf 89' lang='lat' dir='ltr'>et</span> <span class='ocrx_word' id='word_1_139' title='bbox 732 1591 999 1644; x_wconf 90' lang='lat' dir='ltr'>bibliopolae</span> <span class='ocrx_word' id='word_1_140' title='bbox 1018 1591 1315 1641; x_wconf 90' lang='lat' dir='ltr'>afficerentur,</span> <span class='ocrx_word' id='word_1_141' title='bbox 1337 1590 1409 1644; x_wconf 87' lang='lat' dir='ltr'>qui</span> <span class='ocrx_word' id='word_1_142' title='bbox 1435 1589 1636 1644; x_wconf 83' lang='lat' dir='ltr'>quotidie</span> <span class='ocrx_word' id='word_1_143' title='bbox 1655 1603 1705 1630; x_wconf 88' lang='lat' dir='ltr'>ac</span> <span class='ocrx_word' id='word_1_144' title='bbox 1720 1603 1814 1644; x_wconf 87' lang='lat' dir='ltr'>pas-</span> 
     </span>
     <span class='ocr_line' id='line_1_20' title="bbox 194 1666 1814 1720; baseline -0.001 -13"><span class='ocrx_word' id='word_1_145' title='bbox 194 1666 275 1708; x_wconf 91' lang='lat' dir='ltr'>sim</span> <span class='ocrx_word' id='word_1_146' title='bbox 299 1667 432 1707; x_wconf 89' lang='lat' dir='ltr'>etiam</span> <span class='ocrx_word' id='word_1_147' title='bbox 455 1667 498 1707; x_wconf 90' lang='lat' dir='ltr'>in</span> <span class='ocrx_word' id='word_1_148' title='bbox 530 1667 853 1708; x_wconf 90' lang='lat' dir='ltr'>catholicorum</span> <span class='ocrx_word' id='word_1_149' title='bbox 886 1667 993 1709; x_wconf 87' lang='lat' dir='ltr'>locis</span> <span class='ocrx_word' id='word_1_150' title='bbox 1022 1668 1163 1708; x_wconf 90' lang='lat' dir='ltr'>edunt</span> <span class='ocrx_word' id='word_1_151' title='bbox 1189 1668 1480 1720; x_wconf 80' lang='lat' dir='ltr'>venduntque</span> <span class='ocrx_word' id='word_1_152' title='bbox 1512 1666 1649 1707; x_wconf 91' lang='lat' dir='ltr'>libros</span> <span class='ocrx_word' id='word_1_153' title='bbox 1679 1667 1814 1707; x_wconf 86' lang='lat' dir='ltr'>famo-</span> 
     </span>
     <span class='ocr_line' id='line_1_21' title="bbox 193 1741 1810 1798; baseline -0.001 -14"><span class='ocrx_word' id='word_1_154' title='bbox 193 1757 283 1797; x_wconf 89' lang='lat' dir='ltr'>sos,</span> <span class='ocrx_word' id='word_1_155' title='bbox 316 1744 568 1793; x_wconf 84' lang='lat' dir='ltr'>mendaces,</span> <span class='ocrx_word' id='word_1_156' title='bbox 606 1744 855 1794; x_wconf 84' lang='lat' dir='ltr'>seditiosos,</span> <span class='ocrx_word' id='word_1_157' title='bbox 887 1744 1073 1798; x_wconf 86' lang='lat' dir='ltr'>figuras,</span> <span class='ocrx_word' id='word_1_158' title='bbox 1109 1744 1373 1793; x_wconf 89' lang='lat' dir='ltr'>cantilenas,</span> <span class='ocrx_word' id='word_1_159' title='bbox 1413 1743 1649 1797; x_wconf 78' lang='lat' dir='ltr'>imagines,</span> <span class='ocrx_word' id='word_1_160' title='bbox 1682 1741 1810 1783; x_wconf 93' lang='lat' dir='ltr'>noui-</span> 
     </span>
     <span class='ocr_line' id='line_1_22' title="bbox 196 1827 321 1862; baseline 0.016 -2"><span class='ocrx_word' id='word_1_161' title='bbox 196 1827 321 1862; x_wconf 81' lang='lat' dir='ltr'>tateS.</span> 
     </span>
    </p>

    <p class='ocr_par' dir='ltr' id='par_1_4' title="bbox 192 1896 1815 2102">
     <span class='ocr_line' id='line_1_23' title="bbox 286 1896 1813 1950; baseline -0.001 -13"><span class='ocrx_word' id='word_1_162' title='bbox 286 1908 350 1938; x_wconf 92' lang='lat'>10.</span> <span class='ocrx_word' id='word_1_163' title='bbox 417 1897 669 1950; x_wconf 88' lang='lat' dir='ltr'>Scriptores</span> <span class='ocrx_word' id='word_1_164' title='bbox 701 1910 880 1950; x_wconf 89' lang='lat' dir='ltr'>quoque</span> <span class='ocrx_word' id='word_1_165' title='bbox 911 1905 1066 1938; x_wconf 92' lang='lat' dir='ltr'>contra</span> <span class='ocrx_word' id='word_1_166' title='bbox 1091 1911 1264 1939; x_wconf 83' lang='lat' dir='ltr'>errores</span> <span class='ocrx_word' id='word_1_167' title='bbox 1292 1896 1563 1939; x_wconf 89' lang='lat' dir='ltr'>Germaniae</span> <span class='ocrx_word' id='word_1_168' title='bbox 1595 1896 1813 1938; x_wconf 88' lang='lat' dir='ltr'>existima-</span> 
     </span>
     <span class='ocr_line' id='line_1_24' title="bbox 193 1972 1815 2030; baseline 0.001 -18"><span class='ocrx_word' id='word_1_169' title='bbox 193 1986 284 2013; x_wconf 86' lang='lat' dir='ltr'>rem</span> <span class='ocrx_word' id='word_1_170' title='bbox 315 1972 716 2030; x_wconf 81' lang='lat' dir='ltr'>magnifaciendos,</span> <span class='ocrx_word' id='word_1_171' title='bbox 744 1980 787 2015; x_wconf 91' lang='lat' dir='ltr'>et</span> <span class='ocrx_word' id='word_1_172' title='bbox 811 1973 931 2014; x_wconf 91' lang='lat' dir='ltr'>omni</span> <span class='ocrx_word' id='word_1_173' title='bbox 962 1975 1132 2014; x_wconf 85' lang='lat' dir='ltr'>honore</span> <span class='ocrx_word' id='word_1_174' title='bbox 1160 1973 1438 2023; x_wconf 84' lang='lat' dir='ltr'>afficiendos,</span> <span class='ocrx_word' id='word_1_175' title='bbox 1476 1974 1595 2026; x_wconf 89' lang='lat' dir='ltr'>quod</span> <span class='ocrx_word' id='word_1_176' title='bbox 1621 1972 1815 2015; x_wconf 88' lang='lat' dir='ltr'>ueritatis</span> 
     </span>
     <span class='ocr_line' id='line_1_25' title="bbox 192 2048 632 2102; baseline 0.005 -14"><span class='ocrx_word' id='word_1_177' title='bbox 192 2048 280 2089; x_wconf 90' lang='lat' dir='ltr'>sint</span> <span class='ocrx_word' id='word_1_178' title='bbox 303 2057 632 2102; x_wconf 85' lang='lat' dir='ltr'>cooperatores.</span> 
     </span>
    </p>

    <p class='ocr_par' dir='ltr' id='par_1_5' title="bbox 191 2125 1810 2636">
     <span class='ocr_line' id='line_1_26' title="bbox 287 2125 1810 2181; baseline 0 -15"><span class='ocrx_word' id='word_1_179' title='bbox 287 2136 349 2166; x_wconf 88' lang='grc' dir='ltr'>ΙΙ.</span> <span class='ocrx_word' id='word_1_180' title='bbox 419 2126 555 2178; x_wconf 71' lang='lat' dir='ltr'>Quod</span> <span class='ocrx_word' id='word_1_181' title='bbox 578 2125 614 2166; x_wconf 91' lang='lat' dir='ltr'>si</span> <span class='ocrx_word' id='word_1_182' title='bbox 637 2126 890 2167; x_wconf 85' lang='lat' dir='ltr'>sanctitatis</span> <span class='ocrx_word' id='word_1_183' title='bbox 913 2140 1020 2167; x_wconf 86' lang='lat' dir='ltr'>suae</span> <span class='ocrx_word' id='word_1_184' title='bbox 1043 2141 1177 2180; x_wconf 89' lang='lat' dir='ltr'>opera</span> <span class='ocrx_word' id='word_1_185' title='bbox 1196 2127 1367 2169; x_wconf 89' lang='lat' dir='ltr'>moneri</span> <span class='ocrx_word' id='word_1_186' title='bbox 1394 2134 1572 2180; x_wconf 82' lang='lat' dir='ltr'>possent</span> <span class='ocrx_word' id='word_1_187' title='bbox 1596 2140 1725 2181; x_wconf 88' lang='lat' dir='ltr'>reges</span> <span class='ocrx_word' id='word_1_188' title='bbox 1742 2139 1810 2167; x_wconf 88' lang='lat' dir='ltr'>ca-</span> 
     </span>
     <span class='ocr_line' id='line_1_27' title="bbox 193 2201 1810 2257; baseline 0.001 -16"><span class='ocrx_word' id='word_1_189' title='bbox 193 2201 385 2242; x_wconf 89' lang='lat' dir='ltr'>tholicus</span> <span class='ocrx_word' id='word_1_190' title='bbox 402 2209 446 2242; x_wconf 91' lang='lat' dir='ltr'>et</span> <span class='ocrx_word' id='word_1_191' title='bbox 464 2201 864 2243; x_wconf 87' lang='lat' dir='ltr'>christianissimus</span> <span class='ocrx_word' id='word_1_192' title='bbox 881 2210 1017 2255; x_wconf 85' lang='lat' dir='ltr'>atque</span> <span class='ocrx_word' id='word_1_193' title='bbox 1037 2217 1169 2244; x_wconf 89' lang='lat' dir='ltr'>uerae</span> <span class='ocrx_word' id='word_1_194' title='bbox 1189 2203 1418 2257; x_wconf 72' lang='lat' dir='ltr'>religionis</span> <span class='ocrx_word' id='word_1_195' title='bbox 1434 2211 1681 2245; x_wconf 88' lang='lat' dir='ltr'>sectatores</span> <span class='ocrx_word' id='word_1_196' title='bbox 1697 2202 1810 2257; x_wconf 89' lang='lat' dir='ltr'>prin-</span> 
     </span>
     <span class='ocr_line' id='line_1_28' title="bbox 193 2276 1810 2334; baseline 0.001 -17"><span class='ocrx_word' id='word_1_197' title='bbox 193 2276 315 2330; x_wconf 88' lang='lat' dir='ltr'>cipes</span> <span class='ocrx_word' id='word_1_198' title='bbox 338 2277 435 2328; x_wconf 86' lang='lat' dir='ltr'>uiri,</span> <span class='ocrx_word' id='word_1_199' title='bbox 468 2284 515 2317; x_wconf 88' lang='lat' dir='ltr'>ut</span> <span class='ocrx_word' id='word_1_200' title='bbox 540 2291 856 2332; x_wconf 81' lang='lat' dir='ltr'>germanorum</span> <span class='ocrx_word' id='word_1_201' title='bbox 890 2278 1140 2333; x_wconf 88' lang='lat' dir='ltr'>principum</span> <span class='ocrx_word' id='word_1_202' title='bbox 1164 2279 1470 2334; x_wconf 88' lang='lat' dir='ltr'>comitumque</span> <span class='ocrx_word' id='word_1_203' title='bbox 1498 2279 1614 2320; x_wconf 90' lang='lat' dir='ltr'>filios</span> <span class='ocrx_word' id='word_1_204' title='bbox 1641 2278 1687 2320; x_wconf 91' lang='lat' dir='ltr'>in</span> <span class='ocrx_word' id='word_1_205' title='bbox 1710 2293 1810 2321; x_wconf 87' lang='lat' dir='ltr'>suas</span> 
     </span>
     <span class='ocr_line' id='line_1_29' title="bbox 191 2353 1808 2404; baseline 0.001 -11"><span class='ocrx_word' id='word_1_206' title='bbox 191 2354 317 2393; x_wconf 88' lang='lat' dir='ltr'>aulas</span> <span class='ocrx_word' id='word_1_207' title='bbox 340 2363 383 2395; x_wconf 90' lang='lat' dir='ltr'>et</span> <span class='ocrx_word' id='word_1_208' title='bbox 409 2353 594 2394; x_wconf 87' lang='lat' dir='ltr'>familias</span> <span class='ocrx_word' id='word_1_209' title='bbox 618 2363 915 2404; x_wconf 86' lang='lat' dir='ltr'>assumerent,</span> <span class='ocrx_word' id='word_1_210' title='bbox 944 2362 991 2395; x_wconf 94' lang='lat' dir='ltr'>ut</span> <span class='ocrx_word' id='word_1_211' title='bbox 1014 2354 1129 2397; x_wconf 90' lang='lat' dir='ltr'>inter</span> <span class='ocrx_word' id='word_1_212' title='bbox 1153 2356 1399 2397; x_wconf 89' lang='lat' dir='ltr'>catholicos</span> <span class='ocrx_word' id='word_1_213' title='bbox 1422 2355 1467 2396; x_wconf 91' lang='lat' dir='ltr'>in</span> <span class='ocrx_word' id='word_1_214' title='bbox 1491 2356 1728 2397; x_wconf 86' lang='lat' dir='ltr'>iuuentute</span> <span class='ocrx_word' id='word_1_215' title='bbox 1746 2354 1808 2396; x_wconf 91' lang='lat' dir='ltr'>ui-</span> 
     </span>
     <span class='ocr_line' id='line_1_30' title="bbox 193 2429 1810 2487; baseline 0.002 -18"><span class='ocrx_word' id='word_1_216' title='bbox 193 2436 367 2480; x_wconf 89' lang='lat' dir='ltr'>uerent;</span> <span class='ocrx_word' id='word_1_217' title='bbox 393 2429 437 2470; x_wconf 88' lang='lat' dir='ltr'>id</span> <span class='ocrx_word' id='word_1_218' title='bbox 461 2445 548 2471; x_wconf 90' lang='lat' dir='ltr'>non</span> <span class='ocrx_word' id='word_1_219' title='bbox 580 2444 734 2484; x_wconf 83' lang='lat' dir='ltr'>parum</span> <span class='ocrx_word' id='word_1_220' title='bbox 761 2445 939 2485; x_wconf 86' lang='lat' dir='ltr'>quoque</span> <span class='ocrx_word' id='word_1_221' title='bbox 957 2446 1038 2472; x_wconf 92' lang='lat' dir='ltr'>suo</span> <span class='ocrx_word' id='word_1_222' title='bbox 1063 2438 1261 2486; x_wconf 88' lang='lat' dir='ltr'>tempore</span> <span class='ocrx_word' id='word_1_223' title='bbox 1285 2433 1548 2487; x_wconf 80' lang='lat' dir='ltr'>religionem</span> <span class='ocrx_word' id='word_1_224' title='bbox 1577 2445 1810 2487; x_wconf 84' lang='lat' dir='ltr'>promoue-</span> 
     </span>
     <span class='ocr_line' id='line_1_31' title="bbox 191 2506 1805 2563; baseline 0.001 -17"><span class='ocrx_word' id='word_1_225' title='bbox 191 2512 272 2559; x_wconf 84' lang='lat' dir='ltr'>ret,</span> <span class='ocrx_word' id='word_1_226' title='bbox 299 2507 419 2559; x_wconf 91' lang='lat' dir='ltr'>quod</span> <span class='ocrx_word' id='word_1_227' title='bbox 441 2506 648 2547; x_wconf 89' lang='lat' dir='ltr'>educatio</span> <span class='ocrx_word' id='word_1_228' title='bbox 673 2506 929 2548; x_wconf 86' lang='lat' dir='ltr'>huiusmodi</span> <span class='ocrx_word' id='word_1_229' title='bbox 954 2508 1144 2548; x_wconf 86' lang='lat' dir='ltr'>multum</span> <span class='ocrx_word' id='word_1_230' title='bbox 1165 2509 1219 2549; x_wconf 90' lang='lat' dir='ltr'>ad</span> <span class='ocrx_word' id='word_1_231' title='bbox 1246 2523 1336 2550; x_wconf 90' lang='lat' dir='ltr'>rem</span> <span class='ocrx_word' id='word_1_232' title='bbox 1361 2515 1639 2563; x_wconf 89' lang='lat' dir='ltr'>praesentem</span> <span class='ocrx_word' id='word_1_233' title='bbox 1662 2508 1805 2550; x_wconf 87' lang='lat' dir='ltr'>faciat:</span> 
     </span>
     <span class='ocr_line' id='line_1_32' title="bbox 193 2582 1717 2636; baseline 0.005 -17"><span class='ocrx_word' id='word_1_234' title='bbox 193 2583 324 2636; x_wconf 75' lang='lat' dir='ltr'>«Quo</span> <span class='ocrx_word' id='word_1_235' title='bbox 347 2583 483 2624; x_wconf 90' lang='lat' dir='ltr'>semel</span> <span class='ocrx_word' id='word_1_236' title='bbox 507 2590 575 2623; x_wconf 89' lang='lat' dir='ltr'>est</span> <span class='ocrx_word' id='word_1_237' title='bbox 598 2582 768 2623; x_wconf 89' lang='lat' dir='ltr'>imbuta</span> <span class='ocrx_word' id='word_1_238' title='bbox 794 2597 966 2635; x_wconf 88' lang='lat' dir='ltr'>recens,</span> <span class='ocrx_word' id='word_1_239' title='bbox 993 2584 1190 2625; x_wconf 89' lang='lat' dir='ltr'>seruabit</span> <span class='ocrx_word' id='word_1_240' title='bbox 1213 2586 1394 2627; x_wconf 91' lang='lat' dir='ltr'>odorem</span> <span class='ocrx_word' id='word_1_241' title='bbox 1421 2592 1535 2628; x_wconf 90' lang='lat' dir='ltr'>testa</span> <span class='ocrx_word' id='word_1_242' title='bbox 1558 2585 1658 2627; x_wconf 70' lang='lat' dir='ltr'>diu»</span> <span class='ocrx_word' id='word_1_243' title='bbox 1687 2584 1717 2627; x_wconf 77' lang='lat'>³.</span> 
     </span>
    </p>

    <p class='ocr_par' dir='ltr' id='par_1_6' title="bbox 189 2659 1810 2866">
     <span class='ocr_line' id='line_1_33' title="bbox 284 2659 1808 2715; baseline 0.001 -15"><span class='ocrx_word' id='word_1_244' title='bbox 284 2671 350 2701; x_wconf 84' lang='lat'>12.</span> <span class='ocrx_word' id='word_1_245' title='bbox 414 2659 745 2701; x_wconf 87' lang='lat' dir='ltr'>Germanorum</span> <span class='ocrx_word' id='word_1_246' title='bbox 769 2673 903 2712; x_wconf 84' lang='lat' dir='ltr'>opera</span> <span class='ocrx_word' id='word_1_247' title='bbox 926 2660 971 2700; x_wconf 90' lang='lat' dir='ltr'>in</span> <span class='ocrx_word' id='word_1_248' title='bbox 995 2660 1298 2715; x_wconf 87' lang='lat' dir='ltr'>legationibus</span> <span class='ocrx_word' id='word_1_249' title='bbox 1327 2670 1371 2703; x_wconf 90' lang='lat' dir='ltr'>et</span> <span class='ocrx_word' id='word_1_250' title='bbox 1402 2662 1725 2715; x_wconf 85' lang='lat' dir='ltr'>functionibus,</span> <span class='ocrx_word' id='word_1_251' title='bbox 1753 2661 1808 2701; x_wconf 87' lang='lat' dir='ltr'>fa-</span> 
     </span>
     <span class='ocr_line' id='line_1_34' title="bbox 189 2734 1810 2793; baseline 0.002 -18"><span class='ocrx_word' id='word_1_252' title='bbox 189 2734 441 2777; x_wconf 90' lang='lat' dir='ltr'>miliaritate</span> <span class='ocrx_word' id='word_1_253' title='bbox 459 2749 639 2789; x_wconf 85' lang='lat' dir='ltr'>quoque</span> <span class='ocrx_word' id='word_1_254' title='bbox 657 2735 693 2776; x_wconf 89' lang='lat' dir='ltr'>si</span> <span class='ocrx_word' id='word_1_255' title='bbox 714 2743 946 2778; x_wconf 90' lang='lat' dir='ltr'>uterentur</span> <span class='ocrx_word' id='word_1_256' title='bbox 965 2737 1139 2779; x_wconf 86' lang='lat' dir='ltr'>externi</span> <span class='ocrx_word' id='word_1_257' title='bbox 1157 2737 1404 2780; x_wconf 87' lang='lat' dir='ltr'>catholicae</span> <span class='ocrx_word' id='word_1_258' title='bbox 1421 2738 1651 2793; x_wconf 84' lang='lat' dir='ltr'>religionis</span> <span class='ocrx_word' id='word_1_259' title='bbox 1665 2752 1810 2780; x_wconf 88' lang='lat' dir='ltr'>aman-</span> 
     </span>
     <span class='ocr_line' id='line_1_35' title="bbox 189 2811 1809 2866; baseline 0.002 -16"><span class='ocrx_word' id='word_1_260' title='bbox 189 2817 254 2851; x_wconf 90' lang='lat' dir='ltr'>tes</span> <span class='ocrx_word' id='word_1_261' title='bbox 278 2825 424 2861; x_wconf 80' lang='lat' dir='ltr'>reges,</span> <span class='ocrx_word' id='word_1_262' title='bbox 447 2811 688 2866; x_wconf 90' lang='lat' dir='ltr'>principes,</span> <span class='ocrx_word' id='word_1_263' title='bbox 711 2812 1007 2866; x_wconf 91' lang='lat' dir='ltr'>respublicae,</span> <span class='ocrx_word' id='word_1_264' title='bbox 1029 2812 1163 2866; x_wconf 89' lang='lat' dir='ltr'>idque</span> <span class='ocrx_word' id='word_1_265' title='bbox 1187 2813 1334 2855; x_wconf 85' lang='lat' dir='ltr'>animo</span> <span class='ocrx_word' id='word_1_266' title='bbox 1353 2815 1535 2856; x_wconf 90' lang='lat' dir='ltr'>iuuandi</span> <span class='ocrx_word' id='word_1_267' title='bbox 1561 2829 1640 2856; x_wconf 88' lang='lat' dir='ltr'>eos</span> <span class='ocrx_word' id='word_1_268' title='bbox 1664 2814 1707 2855; x_wconf 90' lang='lat' dir='ltr'>in</span> <span class='ocrx_word' id='word_1_269' title='bbox 1726 2813 1809 2855; x_wconf 89' lang='lat' dir='ltr'>fide</span> 
     </span>
    </p>
   </div>
   <div class='ocr_carea' id='block_1_3' title="bbox 259 2976 1115 3022">
    <p class='ocr_par' dir='ltr' id='par_1_7' title="bbox 259 2976 1115 3022">
     <span class='ocr_line' id='line_1_36' title="bbox 259 2976 1115 3022; baseline 0.005 -12"><span class='ocrx_word' id='word_1_270' title='bbox 259 2976 271 2995; x_wconf 74' lang='lat'><strong>³</strong></span> <span class='ocrx_word' id='word_1_271' title='bbox 322 2977 509 3018; x_wconf 82' lang='lat' dir='ltr'>HORAT.,</span> <span class='ocrx_word' id='word_1_272' title='bbox 531 2978 675 3022; x_wconf 62' lang='lat' dir='ltr'>Epist„</span> <span class='ocrx_word' id='word_1_273' title='bbox 693 2977 757 3014; x_wconf 81' lang='lat' dir='ltr'>lib¹</span> <span class='ocrx_word' id='word_1_274' title='bbox 780 2977 830 3022; x_wconf 86' lang='lat' dir='ltr'>II,</span> <span class='ocrx_word' id='word_1_275' title='bbox 852 2978 964 3022; x_wconf 84' lang='lat' dir='ltr'>epist.</span> <span class='ocrx_word' id='word_1_276' title='bbox 989 2978 1036 3022; x_wconf 86' lang='lat'>11,</span> <span class='ocrx_word' id='word_1_277' title='bbox 1057 2978 1115 3022; x_wconf 87' lang='lat'>69.</span> 
     </span>
    </p>
   </div>
  </div>
 </body>
</html>
