1891 3292
593 203 964 240 COMMENTARIOLA
972 205 1125 249 .—156S
1553 203 1620 248 687

42 307 446 368 quadragessimae,
473 307 585 349 alter
607 305 680 348 die
702 306 880 347 veneris
899 306 1043 348 sancti
1061 307 1218 349 eodem
1242 306 1287 347 in
1311 307 1411 348 loco
1428 305 1666 348 conciona-

44 376 206 419 rentur,
233 367 353 421 quod
375 372 420 407 et
445 365 782 421 praestiterunt;
811 373 854 407 et
880 366 998 419 prior
1023 366 1226 415 mirifice,
1254 373 1314 407 2.*
1336 380 1440 408 vero
1464 379 1551 405 non
1577 379 1665 407 me-

42 427 246 472 diocriter
271 426 490 479 probatus
513 431 598 466 est.

132 486 197 529 16.
263 485 378 527 Cum
403 485 459 526 de
483 483 652 538 templo
675 490 856 525 nostrae
880 484 1040 524 domus
1064 483 1345 526 aedificando
1368 482 1487 524 serio
1512 497 1668 537 agere-

43 555 125 598 tur,
145 552 190 587 et
212 543 308 586 visa
332 543 491 585 fuisset
515 543 676 583 domus
700 542 968 596 Hieronymi
992 541 1154 584 Alterii
1183 542 1436 584 necessaria
1466 550 1512 582 vt
1542 555 1666 583 com-

43 605 170 648 mode
193 603 409 658 templum
435 602 490 644 ad
514 615 755 643 commune
784 602 953 642 bonum
986 608 1029 643 et
1061 608 1269 642 ornatum
1299 601 1442 651 fieret,
1470 602 1525 643 D.
1553 603 1668 643 Mar-

43 679 119 708 cus
142 662 371 706 Antonius
395 662 617 711 Colonna,
644 660 892 715 instigante
924 660 1033 701 Iulio
1063 661 1217 710 Fulco,
1254 674 1345 701 rem
1378 674 1481 701 cum
1512 661 1668 702 eodem

44 723 319 776 Hieronymo
353 720 591 775 transegit,
622 726 667 762 et
695 720 896 773 quinque
920 719 1116 760 millibus
1145 732 1384 761 aureorum
1419 733 1474 760 ex
1508 719 1672 772 quibus

42 784 133 839 ipse
155 784 336 825 Marcus
362 780 593 822 Antonius
616 778 671 820 de
694 793 777 820 suo
803 788 887 832 500
916 778 1066 830 soluit,
1100 785 1167 820 est
1196 785 1362 831 empta3
1395 784 1438 820 et
1468 777 1669 829 magistri

41 842 203 886 viarum
256 841 483 895 publicam
513 838 631 880 viam
661 852 776 892 quae
810 838 926 879 inter
960 836 1213 879 Hieronimi
1247 837 1364 877 bona
1387 845 1430 877 et
1464 845 1670 877 nostrum

43 901 253 955 templum
277 906 407 942 vetus
430 897 683 947 interiacet,
711 896 843 939 nobis
865 897 1105 945 donarunt,
1128 903 1174 936 vt
1197 910 1250 936 ex
1275 895 1534 950 patentibus
1556 895 1670 937 litte-

44 960 100 1004 ris
120 973 275 1002 eorum
300 965 495 1009 constat3
521 957 656 1012 paulo
680 965 784 998 ante
808 955 923 996 viam
944 955 1073 997 aliam
1093 968 1195 996 cum
1215 963 1340 1008 parte
1365 955 1538 1009 plateae
1560 954 1670 996 inte-

45 1019 166 1063 rioris
183 1019 300 1060 inter
323 1032 406 1059 nos
428 1024 473 1059 et
496 1018 652 1058 domos
678 1014 807 1058 Mutii
834 1014 948 1056 Muti
974 1014 1103 1055 sitam
1128 1014 1421 1056 donauerant.

132 1089 198 1129 17.
265 1078 381 1120 Cum
405 1076 666 1132 plenissimo
689 1076 734 1116 in
759 1073 946 1115 consilio
968 1072 1163 1114 ciuitatis
1181 1071 1498 1114 auenionensis
1516 1085 1672 1126 agere-

44 1147 111 1181 tur
140 1138 194 1179 de
223 1138 357 1178 domo
387 1150 521 1191 quarn
553 1135 694 1176 nostri
726 1133 990 1175 habitabant
1024 1132 1311 1178 conductam,
1339 1132 1602 1180 coemenda,
1628 1137 1672 1173 et

44 1197 345 1240 confirmanda
368 1195 613 1237 donatione
631 1203 885 1235 annuorum
905 1192 1163 1234 reddituum
1182 1192 1237 1232 ab
1260 1191 1357 1245 ipsa
1375 1191 1558 1232 ciuitate
1576 1189 1671 1231 col-

44 1256 159 1312 legio
183 1256 469 1306 donatorum,
502 1262 742 1307 Vtrumque
774 1260 898 1294 tanto
930 1265 1155 1293 consensu
1185 1250 1228 1290 in
1264 1252 1463 1292 fauorem
1495 1248 1673 1303 collegii

47 1316 278 1359 obtentum
302 1322 386 1365 est,
413 1322 461 1355 vt
491 1329 547 1356 ne
575 1327 710 1355 vnum
741 1312 922 1366 quidem
954 1310 1068 1351 inter
1099 1318 1186 1351 tam
1218 1310 1374 1360 multa,
1406 1308 1672 1362 suffragium

47 1382 315 1418 contrarium
339 1374 558 1417 extiterit.

138 1435 203 1477 18.
269 1435 385 1476 Cum
412 1434 461 1475 P.
512 1432 786 1474 Benedictus
820 1428 1018 1472 Palmius
1049 1428 1091 1468 in
1122 1427 1469 1481 quadragesima
1497 1425 1675 1467 concio-

49 1495 209 1544 nando,
237 1507 403 1548 magna
422 1506 526 1534 cum
550 1491 756 1533 libertate
779 1489 821 1530 in
848 1488 962 1530 vicia
980 1487 1404 1537 ecclesiasticorum,
1426 1486 1561 1528 etiarn
1586 1484 1676 1539 pri-

49 1553 302 1604 mariorum,
329 1558 564 1607 praesente
589 1549 802 1605 pontifice
827 1562 1016 1602 semper,
1045 1554 1088 1588 et
1113 1546 1263 1588 multis
1286 1545 1590 1588 cardinalibus
1614 1542 1676 1585 in-

51 1620 204 1656 uectus
227 1620 362 1663 esset,
389 1626 479 1653 non
503 1611 647 1652 solum
672 1623 762 1650 non
787 1606 1013 1662 displicuit
1040 1606 1253 1660 pontifici,
1280 1606 1360 1648 sed
1383 1604 1503 1658 quod
1528 1602 1676 1644 insoli-

0 1714 1 1718 ,
52 1681 141 1714 tum
164 1679 260 1714 erat
283 1678 327 1713 et
351 1680 481 1713 antea
506 1671 675 1712 Romae
703 1682 793 1709 non
825 1666 1045 1715 auditum,
1081 1666 1123 1706 in
1155 1664 1327 1719 palacio
1356 1670 1562 1706 retentus
1591 1669 1675 1712 est,

50 1739 93 1774 vt
114 1731 403 1773 concionator
428 1730 565 1771 totius
589 1727 692 1770 anni
716 1726 877 1769 diebus
900 1724 1150 1773 dominicis,
1178 1724 1323 1767 eidem
1347 1722 1588 1765 auditorio.

142 1803 210 1846 19.
275 1791 391 1832 Cum
441 1791 572 1832 Ill.¹nus
606 1785 750 1830 Car.lis
799 1785 1168 1828 Commendonus
1207 1783 1424 1826 recedens
1462 1796 1517 1824 ex
1556 1780 1679 1822 Vrbe

53 1865 223 1892 summo
247 1849 449 1905 pontifici
472 1848 691 1904 quaedam
716 1845 1037 1900 sugge[re]ret,
1065 1857 1179 1896 quae
1209 1857 1299 1884 non
1329 1841 1442 1883 leuis
1467 1838 1682 1881 momenti

53 1911 144 1952 fore
166 1910 412 1956 iudicabat,
439 1909 554 1949 inter
577 1915 754 1949 caetera
776 1905 919 1946 eidem
944 1902 1194 1957 suggessit,
1222 1909 1268 1942 vt
1290 1902 1408 1942 inter
1432 1899 1683 1951 relligiosos

54 1969 126 2023 qui
149 1969 192 2011 in
224 1983 353 2011 sacra
383 1969 556 2023 capella
584 1966 721 2008 latine
751 1963 1009 2006 concionari
1044 1962 1171 2003 statis
1206 1960 1484 2015 temporibus
1518 1959 1679 2007 solent,

54 2028 321 2072 Societatem
354 2038 552 2070 nostram
582 2024 744 2068 ascribi
778 2023 968 2076 iuberet,
1008 2028 1055 2062 vt
1091 2035 1193 2061 cum
1229 2028 1442 2062 externae
1478 2027 1685 2059 nationes

55 2087 214 2130 diuinis
239 2087 398 2129 officiis
420 2087 585 2128 ibidem
605 2085 845 2134 intersunt,
868 2082 1041 2135 aliquos
1065 2080 1286 2133 audirent,
1313 2079 1387 2133 qui
1411 2076 1617 2133 apposite
1641 2075 1684 2116 id

57 2161 216 2189 munus
238 2147 433 2190 obirent.
472 2146 646 2188 Placuit
678 2142 899 2198 pontifici,
927 2149 970 2184 et
1000 2139 1209 2193 iniunxit,
1244 2147 1290 2180 vt
1319 2138 1539 2193 magistro
1569 2135 1684 2176 sacri

34 2206 202 2262 'palatii
225 2206 269 2248 id
292 2207 479 2257 diceret,
507 2205 581 2259 qui
606 2203 757 2246 statim
780 2202 924 2243 tribus
948 2200 1243 2254 sequentibus
1268 2197 1392 2241 festis
1416 2196 1682 2249 assumptio-

57 2266 122 2307 nis
149 2265 261 2324 [sic],
287 2272 587 2321 pentecostes,
615 2273 658 2305 et
683 2261 918 2304 Trinitatis
941 2267 1119 2300 nostros
1143 2258 1186 2299 in
1211 2272 1336 2300 sacra
1355 2257 1526 2311 capella
1549 2254 1685 2295 latine

57 2325 310 2368 concionari
333 2325 489 2367 voluit.

142 2397 212 2428 20.
280 2386 448 2427 Eodem
470 2386 563 2426 fere
583 2390 786 2436 tempore
804 2377 1080 2434 significauit
1099 2390 1303 2418 summus
1317 2373 1522 2429 pontifex
1540 2374 1585 2414 P.
1608 2385 1683 2412 no·

59 2451 148 2486 stro
170 2445 370 2500 generali
395 2458 472 2499 per
495 2442 768 2484 cardinalem
800 2439 1063 2488 Cribellum,
1090 2436 1202 2477 velle
1232 2449 1279 2476 se
1315 2434 1487 2487 aliquos
1517 2432 1571 2473 de
1601 2431 1684 2473 So-

61 2502 218 2547 cietate
241 2512 394 2546 nostra
417 2503 461 2545 in
494 2501 664 2544 Indiam
697 2499 959 2540 orientalem
990 2504 1033 2539 et
1062 2493 1385 2537 occidentalem
1415 2491 1611 2541 mittere,
1642 2498 1687 2530 vt

61 2576 139 2604 suo
162 2564 342 2606 nomine
365 2562 553 2618 populos
577 2561 675 2601 illos
693 2566 737 2600 et
757 2559 924 2599 clerum
951 2555 1184 2596 visitarent
1202 2560 1244 2594 et
1264 2551 1621 2601 consolarentur,
1644 2556 1687 2589 et

62 2622 228 2677 aliquas
262 2623 432 2678 gratias
463 2621 527 2663 eis
565 2619 845 2668 conferrent3
883 2628 1077 2668 cumque
1116 2626 1329 2667 praesens
1370 2613 1421 2652 P.
1463 2607 1688 2663 generalis

63 2681 206 2737 (quem
240 2697 328 2738 ego
361 2680 621 2733 comitabar)
653 2679 826 2731 aliquos
858 2675 1126 2725 nominaret,
1168 2680 1212 2714 et
1252 2677 1422 2725 peteret
1456 2683 1512 2710 an
1553 2667 1688 2708 vellet

64 2742 108 2784 S.
134 2742 229 2785 S.t³⁵
252 2756 353 2783 cum
378 2741 530 2795 legato
554 2738 676 2793 regis
703 2734 1008 2789 Portugalliae
1032 2746 1122 2774 rem
1149 2729 1357 2783 conferri,
1385 2728 1429 2769 id
1460 2725 1685 2782 probauit,

64 2806 106 2844 et
128 2800 269 2843 visum
295 2794 515 2843 nobisest
538 2798 669 2839 simul
689 2809 792 2837 cum
816 2794 905 2845 illo,
930 2791 1142 2846 expedire
1172 2788 1317 2843 magis
1347 2795 1395 2828 vt
1425 2785 1621 2841 episcopi
1646 2785 1690 2825 id

65 2868 352 2915 praestarent,
379 2859 544 2901 nostris
569 2854 907 2905 comitantibus,
935 2865 1068 2904 quam
1091 2856 1136 2890 vt
1165 2848 1246 2889 soli
1271 2845 1427 2899 nostri,
1454 2860 1510 2888 eo
1533 2857 1689 2886 mune-

67 2933 110 2962 re
138 2920 451 2975 fungerentur3
482 2925 526 2960 et
560 2931 606 2958 re
634 2916 690 2957 ad
720 2912 977 2969 pontificem
1008 2910 1170 2961 delata,
1202 2906 1498 2948 constitutum
1537 2912 1605 2945 est
1643 2909 1691 2944 vt

67 2979 429 3034 archiepiscopus
451 2978 552 3020 Goe
574 2975 776 3017 visitaret
799 2971 968 3012 Indiam
990 2967 1268 3011 Orientalem
1288 2979 1429 3019 Vsque
1452 2964 1688 3012 Malacam,

69 3039 139 3081 PF
173 3038 416 3082 Melchiore
445 3038 607 3080 Nunez
642 3033 713 3076 vel
743 3031 828 3073 alio
866 3044 921 3072 ex
960 3027 1124 3069 nostris
1163 3024 1424 3077 comitante3
1467 3023 1688 3072 Molucas,
