1891 3292
248 219 317 253 336
744 217 931 251 POLANCI
958 225 1273 251 COMPLEMENTA

198 319 262 361 sia
287 320 393 359 fatta
426 318 572 358 insino
605 317 764 359 adesso
797 332 873 372 per
905 316 1062 360 ordine
1095 317 1138 358 di
1164 319 1218 360 V.
1245 319 1317 371 P„
1349 331 1374 357 o
1403 317 1695 368 d’alcuno‚de
1725 319 1821 360 suoi

199 394 499 448 predecessori
524 392 554 434 ³.

289 483 328 523 3.
395 471 514 524 Quel
545 471 628 511 che
657 470 693 511 si
722 470 822 512 dice
856 471 929 512 nel
957 471 1201 513 medesimo
1230 469 1381 510 officio
1409 470 1527 511 circa
1557 471 1596 513 le
1627 470 1819 525 dispute,

201 561 302 601 pare
327 560 415 587 non
439 546 475 587 si
500 560 631 601 possa
654 560 835 588 seruare
860 547 931 589 nel
950 547 1141 600 collegio
1160 546 1204 586 di
1226 546 1432 587 Palermo
1455 546 1651 588 secondo
1668 547 1710 587 la
1727 561 1822 601 pre-

198 631 325 665 sente
359 621 670 676 dispositione,
709 637 787 676 per
822 623 991 664 esserui
1028 624 1275 664 solamente
1313 634 1340 674 4
1381 622 1540 663 scolari
1569 621 1638 665 de'
1670 624 1822 675 nostri,
1864 655 1867 658 >

199 699 297 739 anzi
328 709 393 741 tre
434 700 532 740 fuor
570 699 640 742 dei
682 699 879 749 maestri3
912 714 988 754 per
1022 699 1090 740 cio
1124 713 1211 740 non
1242 699 1368 752 gl'ho
1398 697 1583 753 obligati
1616 714 1641 740 a
1673 712 1824 741 seruar

197 784 354 829 questa
378 777 532 830 regola
555 776 673 817 circa
697 776 725 816 il
749 776 980 830 disputare
1004 776 1035 817 ⁴.

284 865 328 905 4.
394 852 440 895 Si
467 853 595 894 t0cca
614 867 698 906 pur
722 854 793 894 nel
814 853 1059 896 medesimo
1083 853 1252 902 officio,
1279 853 1365 893 che
1389 851 1424 892 si
1449 860 1637 894 uestano
1660 852 1673 892 i
1696 853 1825 895 colle-

197 929 303 983 giali
328 929 370 970 di
396 929 530 982 panni
556 928 633 969 uili
656 936 700 970 et
723 929 931 979 durabili,
959 937 1003 971 et
1029 943 1132 983 pare
1158 944 1247 970 non
1271 929 1415 970 riesca
1438 928 1513 981 qui
1532 929 1826 971 l'osseruatio-

197 1020 253 1048 ne
275 1006 319 1047 di
344 1007 402 1046 tal
427 1006 597 1059 regola,
624 1006 760 1046 immo
783 1007 869 1048 che
892 1020 981 1047 non
1005 1006 1042 1046 si
1067 1020 1197 1060 possa
1220 1019 1470 1055 osseruare3
1493 1006 1657 1059 perche
1675 1005 1703 1046 li
1722 1020 1826 1059 pan-

200 1082 244 1123 ni
268 1082 343 1123 uili
368 1097 457 1123 non
481 1096 596 1123 sono
621 1082 774 1125 niente
803 1083 1009 1134 durabili,
1042 1091 1086 1125 et
1115 1083 1151 1123 si
1175 1084 1216 1123 fa
1241 1082 1315 1137 piu
1339 1096 1470 1136 spesa
1500 1082 1544 1123 in
1570 1082 1720 1135 quelli,
1746 1084 1827 1126 che

198 1175 246 1202 se
270 1159 306 1200 si
330 1173 641 1213 comprassero
664 1159 822 1200 buoni.
856 1159 978 1213 Quid
1002 1174 1112 1214 ergo
1135 1159 1384 1213 agendum?
1408 1160 1438 1199 ⁵.

289 1247 329 1289 5.
398 1237 480 1278 Nel
506 1238 573 1278 2.⁰
593 1250 706 1290 capo
730 1235 988 1278 dell’officio
1012 1236 1082 1277 del
1107 1244 1274 1278 rettore
1297 1235 1332 1276 si
1363 1242 1497 1276 tratta
1519 1235 1634 1278 delle
1657 1235 1824 1277 limosi-

203 1328 273 1363 ne,
301 1312 420 1366 quali
445 1326 533 1353 non
558 1312 593 1353 si
618 1313 772 1354 hanno
792 1327 817 1353 a
839 1312 1111 1354 domandare
1134 1311 1189 1354 ne
1212 1320 1451 1362 accettare‚
1475 1312 1656 1365 quando
1679 1312 1707 1353 il
1732 1312 1823 1353 col—

204 1389 322 1444 legio
343 1388 429 1442 puo
453 1382 678 1431 sostentar
714 1400 761 1430 12
792 1387 968 1441 scolari,
1001 1389 1232 1430 conforme
1261 1389 1299 1428 al
1329 1402 1439 1442 capo
1469 1400 1493 1429 2
1517 1388 1632 1429 della
1654 1400 1682 1441 4
1705 1394 1826 1442 parte

204 1466 320 1507 delle
344 1464 667 1506 constitutioni.
696 1465 871 1518 Questo
895 1464 1087 1518 collegio
1106 1471 1174 1505 sta
1198 1478 1282 1505 con
1308 1463 1430 1505 molti
1447 1463 1603 1515 debiti,
1623 1472 1668 1505 et
1690 1466 1746 1505 ha
1765 1464 1827 1505 bi-

205 1556 351 1596 sogno
370 1541 413 1584 di
440 1540 672 1591 fabricare3
695 1548 738 1582 et
759 1541 864 1595 pero
882 1548 1176 1594 quantunque
1195 1555 1324 1595 possa
1343 1548 1564 1583 sostentar
1583 1540 1654 1595 piu
1675 1542 1757 1583 che
1781 1553 1828 1583 12

205 1619 382 1669 scolari,
410 1618 651 1659 realmente
669 1619 727 1658 ha
747 1617 938 1671 bisogno
955 1617 998 1657 di
1017 1617 1198 1658 aiutarsi
1223 1617 1266 1658 di
1290 1617 1496 1659 limosine
1513 1618 1674 1660 offerte
1692 1631 1827 1672 spon—

207 1703 506 1747 taneamente,
535 1701 577 1734 et
601 1696 745 1736 anche
763 1693 1050 1744 domandate,
1077 1693 1398 1748 specialmente
1421 1694 1669 1736 hauendosi
1688 1709 1711 1736 a
1730 1693 1829 1735 finir

204 1772 245 1813 la
269 1771 439 1812 fabrica
463 1771 728 1812 cominciata
751 1770 867 1813 della
891 1770 1056 1812 chiesa.
1080 1771 1134 1811 Et
1160 1770 1265 1824 pero
1296 1771 1421 1811 detto
1451 1770 1643 1826 collegio
1673 1771 1714 1811 di
1749 1773 1828 1813 Pa-

206 1848 345 1889 lermo
368 1849 590 1888 domanda
620 1847 789 1889 licenza
813 1861 838 1888 a
863 1848 916 1888 V.
946 1847 997 1887 P.
1027 1861 1102 1900 per
1131 1854 1327 1889 accettar
1361 1854 1406 1889 et
1436 1847 1684 1889 domandas
1710 1847 1829 1889 limo-

204 1925 317 1971 sine,
345 1925 471 1966 salua
494 1925 533 1965 13
557 1923 841 1965 edificatione
866 1922 896 1964 ⁶.

295 2002 335 2042 6.
405 2002 434 2042 [l
461 2001 601 2054 primo
628 2000 920 2041 fundamento
937 2000 1052 2042 della
1075 2000 1304 2041 dotatione
1327 2000 1371 2041 di
1395 2009 1553 2054 questo
1576 2001 1772 2055 collegio
1791 2001 1832 2042 lo

203 2078 334 2120 diede
358 2078 399 2118 la
422 2077 546 2129 cista,
573 2077 671 2118 cioe
697 2087 779 2129 500
810 2074 909 2121 V.di
931 2077 1170 2118 d’entrata.
1200 2077 1366 2118 D'altra
1390 2078 1537 2118 banda
1566 2078 1832 2131 l'imperator

1882 2032 1885 2053 „-
1882 1938 1884 2020 ᾼ“-
1881 1828 1885 1920 «Λή...
1881 1539 1885 1821 ἠ..-ᾼ-ᾑ.-.-μ
1875 0 1891 1533 Η-ᾉ--ῇ-ῤ-κ-τ-*ἠ-ὟἭἮ

204 2155 337 2196 Cario
361 2155 400 2195 V
425 2153 555 2196 diede
573 2152 795 2204 l’abbatia,
815 2154 899 2195 che
919 2153 1018 2194 uale
1041 2152 1069 2193 il
1093 2152 1257 2207 doppio
1280 2161 1323 2195 et
1343 2153 1419 2208 piu
1442 2155 1525 2195 che
1549 2154 1588 2195 la
1612 2153 1830 2195 fundatio·
1882 2177 1885 2202 2

206 2245 261 2272 ne
284 2231 398 2273 della
424 2231 546 2272 citta.
575 2231 627 2271 Et
651 2229 679 2269 il
699 2229 784 2270 sito
807 2229 851 2269 di
875 2229 998 2271 detta
1027 2229 1204 2271 abbatia
1227 2230 1412 2272 insieme
1445 2244 1531 2272 con
1562 2232 1602 2272 13
1625 2244 1728 2273 0353
1751 2232 1831 2272 che
1882 2250 1884 2273 r

205 2308 334 2350 diede
358 2307 386 2347 il
410 2322 457 2349 re
485 2306 705 2360 Philippo,
731 2320 843 2347 sono
866 2305 992 2360 quasi
1017 2313 1134 2346 tutto
1157 2305 1186 2346 il
1211 2306 1315 2347 trito
1340 2315 1532 2361 terreno,
1560 2307 1678 2349 doue
1701 2306 1825 2349 habi·
1883 2331 1885 2346 1

210 2393 250 2426 ta
273 2385 302 2425 il
325 2384 532 2438 collegio,
565 2391 609 2424 et
640 2383 758 2425 tiene
787 2384 827 2423 la
851 2396 931 2423 sua
954 2382 1120 2425 chiesa.
1156 2384 1211 2424 Et
1241 2386 1347 2437 pero
1375 2384 1449 2437 qui
1479 2384 1757 2426 dubitauano
1786 2398 1831 2425 se
1882 2406 1884 2410 Α

279 2539 291 2557 ³
342 2539 474 2582 Resp.:
496 2536 664 2571 nondum
685 2546 772 2571 esse
788 2546 869 2568 rem
885 2535 996 2568 istam
1012 2536 1239 2569 ordinatam:
1261 2536 1534 2570 conferendam
1550 2549 1637 2571 esse
1651 2548 1738 2571 cum
1753 2548 1832 2582 pro·
1882 2532 1883 2537 ¹

210 2598 363 2639 vinciis,
384 2603 422 2630 et
440 2608 553 2642 quarn
574 2595 738 2639 primum
759 2593 1053 2638 providendum.

278 2657 291 2675 4
341 2656 475 2700 Resp.:
497 2655 527 2689 si
547 2653 829 2699 disputationes
845 2653 1031 2697 publicas,
1053 2653 1168 2687 etiam
1185 2655 1221 2687 in
1236 2653 1377 2688 scholis
1397 2655 1605 2699 habendas,
1625 2656 1831 2700 intelligas,
1882 2679 1884 2682 -

207 2728 272 2749 eas
294 2715 460 2760 relinqui
480 2724 607 2759 posse3
628 2711 880 2757 repetitiones
899 2722 992 2745 vero
1011 2717 1049 2745 et
1067 2712 1310 2753 collationes,
1333 2713 1502 2747 minime.

279 2776 292 2793 ⁵
342 2775 476 2814 Restm
499 2771 635 2817 partim
654 2772 784 2813 vilem,
806 2770 942 2814 partim
962 2769 1163 2804 durantem
1191 2782 1277 2804 esse
1297 2771 1441 2805 debere
1467 2784 1648 2817 pannum3
1670 2774 1707 2807 ni
1727 2773 1776 2807 sit
1794 2773 1829 2806 in
1882 2785 1884 2824 ξ

208 2835 346 2875 insula,
367 2832 522 2866 aliunde
540 2829 852 2876 comparandum.

278 2893 291 2911 ⁶
342 2893 475 2936 Respa
493 2902 558 2924 365
577 2890 745 2924 alienum
765 2887 1009 2931 solvendum3
1030 2898 1127 2921 nova
1147 2887 1277 2922 debita
1295 2900 1368 2922 non
1388 2889 1639 2936 admittenda;
1670 2892 1829 2925 eleemo-
1882 2905 1884 2915 ι

208 2963 324 2997 synas
344 2962 419 2985 non
439 2951 522 2984 sine
543 2960 680 2993 magna
699 2947 967 2981 aedificatione
986 2946 1240 2992 quaerendem,
1262 2952 1302 2980 ut
1322 2948 1642 2983 constitutionum
1662 2949 1716 2993 43
1731 2960 1827 2994 pars,
1882 2948 1883 2984 l

210 3023 293 3056 cap.
316 3011 352 3043 ΙΙ
372 3011 424 3054 [n.
445 3009 496 3053 6.]
520 3007 666 3042 servari
684 3013 853 3043 curetur.
