<?xml version="1.0" encoding="UTF-8"?>
<!DOCTYPE html PUBLIC "-//W3C//DTD XHTML 1.0 Transitional//EN"
    "http://www.w3.org/TR/xhtml1/DTD/xhtml1-transitional.dtd">
<html xmlns="http://www.w3.org/1999/xhtml" xml:lang="en" lang="en">
 <head>
  <title>
</title>
<meta http-equiv="Content-Type" content="text/html;charset=utf-8" />
  <meta name='ocr-system' content='tesseract 3.04.00' />
  <meta name='ocr-capabilities' content='ocr_page ocr_carea ocr_par ocr_line ocrx_word'/>
</head>
<body>
  <div class='ocr_page' id='page_1' title='image "./polancicomplemen07pola_0360.png"; bbox 0 0 1891 3292; ppageno 0'>
   <div class='ocr_carea' id='block_1_1' title="bbox 242 197 1275 234">
    <p class='ocr_par' dir='ltr' id='par_1_1' title="bbox 242 197 1275 234">
     <span class='ocr_line' id='line_1_1' title="bbox 242 197 1275 234; baseline 0.001 -1"><span class='ocrx_word' id='word_1_1' title='bbox 242 198 310 234; x_wconf 77' lang='lat'>338</span> <span class='ocrx_word' id='word_1_2' title='bbox 742 197 930 233; x_wconf 74' lang='lat' dir='ltr'>POLANC!</span> <span class='ocrx_word' id='word_1_3' title='bbox 957 207 1275 234; x_wconf 82' lang='lat' dir='ltr'>COMPLEMENTA</span> 
     </span>
    </p>
   </div>
   <div class='ocr_carea' id='block_1_2' title="bbox 130 298 1875 2533">
    <p class='ocr_par' dir='ltr' id='par_1_2' title="bbox 130 298 1808 354">
     <span class='ocr_line' id='line_1_2' title="bbox 130 298 1808 354; baseline 0.001 -12"><span class='ocrx_word' id='word_1_4' title='bbox 130 319 132 321; x_wconf 96' lang='lat'>·</span> <span class='ocrx_word' id='word_1_5' title='bbox 194 301 298 342; x_wconf 88' lang='lat' dir='ltr'>dato</span> <span class='ocrx_word' id='word_1_6' title='bbox 320 300 457 342; x_wconf 90' lang='lat' dir='ltr'>lume.</span> <span class='ocrx_word' id='word_1_7' title='bbox 484 299 538 342; x_wconf 91' lang='lat' dir='ltr'>V.</span> <span class='ocrx_word' id='word_1_8' title='bbox 568 300 613 339; x_wconf 88' lang='lat' dir='ltr'>P.</span> <span class='ocrx_word' id='word_1_9' title='bbox 646 300 775 353; x_wconf 82' lang='lat' dir='ltr'>potra</span> <span class='ocrx_word' id='word_1_10' title='bbox 803 298 983 341; x_wconf 88' lang='lat' dir='ltr'>ordinar</span> <span class='ocrx_word' id='word_1_11' title='bbox 1007 301 1110 354; x_wconf 90' lang='lat' dir='ltr'>quel</span> <span class='ocrx_word' id='word_1_12' title='bbox 1143 303 1225 342; x_wconf 91' lang='lat' dir='ltr'>che</span> <span class='ocrx_word' id='word_1_13' title='bbox 1256 300 1388 342; x_wconf 91' lang='lat' dir='ltr'>uuole</span> <span class='ocrx_word' id='word_1_14' title='bbox 1413 300 1477 342; x_wconf 87' lang='lat' dir='ltr'>sia</span> <span class='ocrx_word' id='word_1_15' title='bbox 1501 308 1734 354; x_wconf 76' lang='lat' dir='ltr'>osseruato</span> <span class='ocrx_word' id='word_1_16' title='bbox 1763 301 1808 344; x_wconf 80' lang='lat'>¹².</span> 
     </span>
    </p>

    <p class='ocr_par' dir='ltr' id='par_1_3' title="bbox 185 374 1817 1043">
     <span class='ocr_line' id='line_1_3' title="bbox 279 374 1811 431; baseline 0.001 -13"><span class='ocrx_word' id='word_1_17' title='bbox 279 375 327 418; x_wconf 88' lang='lat' dir='ltr'>Si</span> <span class='ocrx_word' id='word_1_18' title='bbox 352 375 464 417; x_wconf 92' lang='lat' dir='ltr'>uede</span> <span class='ocrx_word' id='word_1_19' title='bbox 488 375 678 429; x_wconf 83' lang='lat' dir='ltr'>qualche</span> <span class='ocrx_word' id='word_1_20' title='bbox 702 374 872 416; x_wconf 74' lang='lat' dir='ltr'>uarieta</span> <span class='ocrx_word' id='word_1_21' title='bbox 896 375 1154 418; x_wconf 82' lang='lat' dir='ltr'>nell&#39;officio</span> <span class='ocrx_word' id='word_1_22' title='bbox 1185 377 1255 419; x_wconf 91' lang='lat' dir='ltr'>del</span> <span class='ocrx_word' id='word_1_23' title='bbox 1278 377 1479 430; x_wconf 74' lang='lat' dir='ltr'><strong>prefecto</strong></span> <span class='ocrx_word' id='word_1_24' title='bbox 1506 376 1627 431; x_wconf 81' lang='lat' dir='ltr'>degli</span> <span class='ocrx_word' id='word_1_25' title='bbox 1659 376 1811 429; x_wconf 90' lang='lat' dir='ltr'>studii,</span> 
     </span>
     <span class='ocr_line' id='line_1_4' title="bbox 185 450 1815 505; baseline 0.002 -13"><span class='ocrx_word' id='word_1_26' title='bbox 185 452 213 492; x_wconf 92' lang='lat' dir='ltr'>il</span> <span class='ocrx_word' id='word_1_27' title='bbox 237 451 367 505; x_wconf 89' lang='lat' dir='ltr'>quale</span> <span class='ocrx_word' id='word_1_28' title='bbox 390 465 478 492; x_wconf 89' lang='lat' dir='ltr'>non</span> <span class='ocrx_word' id='word_1_29' title='bbox 502 450 527 493; x_wconf 80' lang='lat' dir='ltr'>e</span> <span class='ocrx_word' id='word_1_30' title='bbox 550 450 594 492; x_wconf 89' lang='lat' dir='ltr'>in</span> <span class='ocrx_word' id='word_1_31' title='bbox 617 451 823 505; x_wconf 89' lang='lat' dir='ltr'>istampa,</span> <span class='ocrx_word' id='word_1_32' title='bbox 850 463 893 493; x_wconf 90' lang='lat' dir='ltr'>et</span> <span class='ocrx_word' id='word_1_33' title='bbox 917 452 960 493; x_wconf 93' lang='lat' dir='ltr'>io</span> <span class='ocrx_word' id='word_1_34' title='bbox 991 467 1081 494; x_wconf 92' lang='lat' dir='ltr'>non</span> <span class='ocrx_word' id='word_1_35' title='bbox 1110 467 1192 494; x_wconf 90' lang='lat' dir='ltr'>son</span> <span class='ocrx_word' id='word_1_36' title='bbox 1218 458 1389 495; x_wconf 90' lang='lat' dir='ltr'>uenuto</span> <span class='ocrx_word' id='word_1_37' title='bbox 1413 452 1626 495; x_wconf 87' lang='lat' dir='ltr'>instrutto</span> <span class='ocrx_word' id='word_1_38' title='bbox 1644 453 1688 494; x_wconf 93' lang='lat' dir='ltr'>di</span> <span class='ocrx_word' id='word_1_39' title='bbox 1712 467 1815 496; x_wconf 88' lang='lat' dir='ltr'>cose</span> 
     </span>
     <span class='ocr_line' id='line_1_5' title="bbox 186 527 1814 583; baseline 0.001 -13"><span class='ocrx_word' id='word_1_40' title='bbox 186 527 333 578; x_wconf 81' lang='lat' dir='ltr'>simili,</span> <span class='ocrx_word' id='word_1_41' title='bbox 360 527 459 569; x_wconf 88' lang='lat' dir='ltr'>anzi</span> <span class='ocrx_word' id='word_1_42' title='bbox 482 527 606 569; x_wconf 93' lang='lat' dir='ltr'>molti</span> <span class='ocrx_word' id='word_1_43' title='bbox 629 529 713 572; x_wconf 87' lang='lat' dir='ltr'>che</span> <span class='ocrx_word' id='word_1_44' title='bbox 733 528 792 569; x_wconf 89' lang='lat' dir='ltr'>mi</span> <span class='ocrx_word' id='word_1_45' title='bbox 817 529 976 570; x_wconf 88' lang='lat' dir='ltr'>furono</span> <span class='ocrx_word' id='word_1_46' title='bbox 999 529 1091 571; x_wconf 91' lang='lat' dir='ltr'>dati</span> <span class='ocrx_word' id='word_1_47' title='bbox 1116 529 1340 583; x_wconf 85' lang='lat' dir='ltr'>stampati,</span> <span class='ocrx_word' id='word_1_48' title='bbox 1361 536 1492 571; x_wconf 89' lang='lat' dir='ltr'>trouo</span> <span class='ocrx_word' id='word_1_49' title='bbox 1514 531 1596 572; x_wconf 93' lang='lat' dir='ltr'>che</span> <span class='ocrx_word' id='word_1_50' title='bbox 1614 531 1703 572; x_wconf 90' lang='lat' dir='ltr'>han</span> <span class='ocrx_word' id='word_1_51' title='bbox 1726 543 1814 572; x_wconf 90' lang='lat' dir='ltr'>ser-</span> 
     </span>
     <span class='ocr_line' id='line_1_6' title="bbox 191 603 1815 661; baseline 0.001 -16"><span class='ocrx_word' id='word_1_52' title='bbox 191 603 285 645; x_wconf 90' lang='lat' dir='ltr'>uito</span> <span class='ocrx_word' id='word_1_53' title='bbox 309 617 437 659; x_wconf 92' lang='lat' dir='ltr'>poco,</span> <span class='ocrx_word' id='word_1_54' title='bbox 463 605 628 658; x_wconf 83' lang='lat' dir='ltr'>perche</span> <span class='ocrx_word' id='word_1_55' title='bbox 650 605 799 660; x_wconf 87' lang='lat' dir='ltr'>doppo</span> <span class='ocrx_word' id='word_1_56' title='bbox 822 605 957 660; x_wconf 93' lang='lat' dir='ltr'>quelli</span> <span class='ocrx_word' id='word_1_57' title='bbox 980 606 1080 648; x_wconf 88' lang='lat' dir='ltr'>altri</span> <span class='ocrx_word' id='word_1_58' title='bbox 1105 606 1141 647; x_wconf 90' lang='lat' dir='ltr'>si</span> <span class='ocrx_word' id='word_1_59' title='bbox 1165 620 1278 647; x_wconf 91' lang='lat' dir='ltr'>sono</span> <span class='ocrx_word' id='word_1_60' title='bbox 1304 605 1449 647; x_wconf 89' lang='lat' dir='ltr'>riuisti</span> <span class='ocrx_word' id='word_1_61' title='bbox 1471 612 1515 648; x_wconf 92' lang='lat' dir='ltr'>et</span> <span class='ocrx_word' id='word_1_62' title='bbox 1537 606 1762 661; x_wconf 79' lang='lat' dir='ltr'>stampati,</span> <span class='ocrx_word' id='word_1_63' title='bbox 1787 606 1815 648; x_wconf 94' lang='lat' dir='ltr'>li</span> 
     </span>
     <span class='ocr_line' id='line_1_7' title="bbox 189 680 1815 740; baseline 0.002 -19"><span class='ocrx_word' id='word_1_64' title='bbox 189 680 308 735; x_wconf 85' lang='lat' dir='ltr'>quali</span> <span class='ocrx_word' id='word_1_65' title='bbox 331 680 643 722; x_wconf 86' lang='lat' dir='ltr'>abbracciamo</span> <span class='ocrx_word' id='word_1_66' title='bbox 665 695 792 724; x_wconf 91' lang='lat' dir='ltr'>come</span> <span class='ocrx_word' id='word_1_67' title='bbox 816 682 974 725; x_wconf 91' lang='lat' dir='ltr'>ultimi.</span> <span class='ocrx_word' id='word_1_68' title='bbox 998 684 1054 726; x_wconf 91' lang='lat' dir='ltr'>V.</span> <span class='ocrx_word' id='word_1_69' title='bbox 1083 683 1132 725; x_wconf 87' lang='lat' dir='ltr'>P.</span> <span class='ocrx_word' id='word_1_70' title='bbox 1160 682 1275 725; x_wconf 90' lang='lat' dir='ltr'>ueda</span> <span class='ocrx_word' id='word_1_71' title='bbox 1298 695 1346 723; x_wconf 93' lang='lat' dir='ltr'>se</span> <span class='ocrx_word' id='word_1_72' title='bbox 1369 682 1410 740; x_wconf 87' lang='lat' dir='ltr'>le</span> <span class='ocrx_word' id='word_1_73' title='bbox 1428 682 1583 737; x_wconf 67' lang='lat' dir='ltr'>parera</span> <span class='ocrx_word' id='word_1_74' title='bbox 1606 684 1690 725; x_wconf 91' lang='lat' dir='ltr'>che</span> <span class='ocrx_word' id='word_1_75' title='bbox 1707 683 1815 725; x_wconf 92' lang='lat' dir='ltr'>dob-</span> 
     </span>
     <span class='ocr_line' id='line_1_8' title="bbox 187 756 1816 813; baseline 0.002 -16"><span class='ocrx_word' id='word_1_76' title='bbox 187 756 335 798; x_wconf 90' lang='lat' dir='ltr'>biamo</span> <span class='ocrx_word' id='word_1_77' title='bbox 358 758 498 799; x_wconf 90' lang='lat' dir='ltr'>hauer</span> <span class='ocrx_word' id='word_1_78' title='bbox 521 758 711 811; x_wconf 83' lang='lat' dir='ltr'>qualche</span> <span class='ocrx_word' id='word_1_79' title='bbox 733 771 838 800; x_wconf 86' lang='lat' dir='ltr'>cosa</span> <span class='ocrx_word' id='word_1_80' title='bbox 862 766 984 802; x_wconf 85' lang='lat' dir='ltr'>certa</span> <span class='ocrx_word' id='word_1_81' title='bbox 1006 759 1050 800; x_wconf 93' lang='lat' dir='ltr'>in</span> <span class='ocrx_word' id='word_1_82' title='bbox 1070 766 1226 813; x_wconf 89' lang='lat' dir='ltr'>questa</span> <span class='ocrx_word' id='word_1_83' title='bbox 1244 764 1387 813; x_wconf 89' lang='lat' dir='ltr'>parte,</span> <span class='ocrx_word' id='word_1_84' title='bbox 1409 771 1535 800; x_wconf 92' lang='lat' dir='ltr'>come</span> <span class='ocrx_word' id='word_1_85' title='bbox 1558 760 1701 801; x_wconf 80' lang='lat' dir='ltr'>anche</span> <span class='ocrx_word' id='word_1_86' title='bbox 1723 760 1816 800; x_wconf 91' lang='lat' dir='ltr'>nel-</span> 
     </span>
     <span class='ocr_line' id='line_1_9' title="bbox 187 833 1816 890; baseline 0.002 -16"><span class='ocrx_word' id='word_1_87' title='bbox 187 834 228 876; x_wconf 90' lang='lat' dir='ltr'>le</span> <span class='ocrx_word' id='word_1_88' title='bbox 251 833 405 888; x_wconf 84' lang='lat' dir='ltr'>regole</span> <span class='ocrx_word' id='word_1_89' title='bbox 433 834 501 877; x_wconf 90' lang='lat' dir='ltr'>de’</span> <span class='ocrx_word' id='word_1_90' title='bbox 524 833 684 876; x_wconf 91' lang='lat' dir='ltr'>scolari</span> <span class='ocrx_word' id='word_1_91' title='bbox 706 845 758 878; x_wconf 85' lang='lat' dir='ltr'>et</span> <span class='ocrx_word' id='word_1_92' title='bbox 787 835 968 878; x_wconf 90' lang='lat' dir='ltr'>maestri</span> <span class='ocrx_word' id='word_1_93' title='bbox 997 843 1042 878; x_wconf 87' lang='lat' dir='ltr'>et</span> <span class='ocrx_word' id='word_1_94' title='bbox 1069 835 1224 878; x_wconf 91' lang='lat' dir='ltr'>ordine</span> <span class='ocrx_word' id='word_1_95' title='bbox 1257 835 1372 878; x_wconf 91' lang='lat' dir='ltr'>delle</span> <span class='ocrx_word' id='word_1_96' title='bbox 1400 834 1548 877; x_wconf 84' lang='lat' dir='ltr'>classi.</span> <span class='ocrx_word' id='word_1_97' title='bbox 1580 836 1629 877; x_wconf 94' lang='lat' dir='ltr'>In</span> <span class='ocrx_word' id='word_1_98' title='bbox 1658 843 1816 890; x_wconf 91' lang='lat' dir='ltr'>questo</span> 
     </span>
     <span class='ocr_line' id='line_1_10' title="bbox 189 909 1817 965; baseline 0.002 -15"><span class='ocrx_word' id='word_1_99' title='bbox 189 924 315 953; x_wconf 89' lang='lat' dir='ltr'>mezo</span> <span class='ocrx_word' id='word_1_100' title='bbox 338 909 380 950; x_wconf 94' lang='lat' dir='ltr'>io</span> <span class='ocrx_word' id='word_1_101' title='bbox 402 924 594 965; x_wconf 87' lang='lat' dir='ltr'>procuro</span> <span class='ocrx_word' id='word_1_102' title='bbox 616 910 652 952; x_wconf 90' lang='lat' dir='ltr'>si</span> <span class='ocrx_word' id='word_1_103' title='bbox 675 911 846 954; x_wconf 89' lang='lat' dir='ltr'>osserui</span> <span class='ocrx_word' id='word_1_104' title='bbox 870 912 1162 965; x_wconf 89' lang='lat' dir='ltr'>quell&#39;ordine</span> <span class='ocrx_word' id='word_1_105' title='bbox 1186 913 1272 955; x_wconf 90' lang='lat' dir='ltr'>che</span> <span class='ocrx_word' id='word_1_106' title='bbox 1293 911 1400 953; x_wconf 69' lang='lat' dir='ltr'>dila</span> <span class='ocrx_word' id='word_1_107' title='bbox 1425 911 1447 953; x_wconf 81' lang='grc' dir='ltr'>ὲ</span> <span class='ocrx_word' id='word_1_108' title='bbox 1474 919 1658 962; x_wconf 91' lang='lat' dir='ltr'>uenuto,</span> <span class='ocrx_word' id='word_1_109' title='bbox 1684 926 1710 953; x_wconf 95' lang='lat' dir='ltr'>o</span> <span class='ocrx_word' id='word_1_110' title='bbox 1733 913 1817 954; x_wconf 89' lang='lat' dir='ltr'>che</span> 
     </span>
     <span class='ocr_line' id='line_1_11' title="bbox 190 986 1136 1043; baseline 0.004 -15"><span class='ocrx_word' id='word_1_111' title='bbox 190 986 226 1028; x_wconf 88' lang='lat' dir='ltr'>si</span> <span class='ocrx_word' id='word_1_112' title='bbox 249 987 480 1028; x_wconf 90' lang='lat' dir='ltr'>accostino</span> <span class='ocrx_word' id='word_1_113' title='bbox 503 994 672 1042; x_wconf 81' lang='lat' dir='ltr'>quanto</span> <span class='ocrx_word' id='word_1_114' title='bbox 694 988 731 1030; x_wconf 93' lang='lat' dir='ltr'>si</span> <span class='ocrx_word' id='word_1_115' title='bbox 753 988 842 1042; x_wconf 82' lang='lat' dir='ltr'>puo</span> <span class='ocrx_word' id='word_1_116' title='bbox 865 1003 889 1030; x_wconf 84' lang='lat' dir='ltr'>a</span> <span class='ocrx_word' id='word_1_117' title='bbox 912 989 1061 1043; x_wconf 90' lang='lat' dir='ltr'>quello</span> <span class='ocrx_word' id='word_1_118' title='bbox 1087 988 1136 1032; x_wconf 74' lang='lat'>¹⁴².</span> 
     </span>
    </p>

    <p class='ocr_par' dir='ltr' id='par_1_4' title="bbox 188 1063 1820 2114">
     <span class='ocr_line' id='line_1_12' title="bbox 278 1063 1814 1119; baseline 0.001 -14"><span class='ocrx_word' id='word_1_119' title='bbox 278 1064 318 1106; x_wconf 84' lang='lat'>8.</span> <span class='ocrx_word' id='word_1_120' title='bbox 385 1064 483 1106; x_wconf 88' lang='lat' dir='ltr'>Che</span> <span class='ocrx_word' id='word_1_121' title='bbox 504 1063 533 1104; x_wconf 93' lang='lat' dir='ltr'>li</span> <span class='ocrx_word' id='word_1_122' title='bbox 556 1064 695 1106; x_wconf 88' lang='lat' dir='ltr'>nostri</span> <span class='ocrx_word' id='word_1_123' title='bbox 720 1079 809 1106; x_wconf 93' lang='lat' dir='ltr'>non</span> <span class='ocrx_word' id='word_1_124' title='bbox 833 1078 1028 1119; x_wconf 90' lang='lat' dir='ltr'>possono</span> <span class='ocrx_word' id='word_1_125' title='bbox 1051 1066 1280 1107; x_wconf 89' lang='lat' dir='ltr'>succeder&#39;</span> <span class='ocrx_word' id='word_1_126' title='bbox 1311 1066 1396 1109; x_wconf 90' lang='lat' dir='ltr'>alle</span> <span class='ocrx_word' id='word_1_127' title='bbox 1419 1065 1621 1109; x_wconf 81' lang='lat' dir='ltr'>heredita</span> <span class='ocrx_word' id='word_1_128' title='bbox 1648 1065 1704 1107; x_wconf 83' lang='lat' dir='ltr'>ne</span> <span class='ocrx_word' id='word_1_129' title='bbox 1732 1080 1814 1106; x_wconf 90' lang='lat' dir='ltr'>an-</span> 
     </span>
     <span class='ocr_line' id='line_1_13' title="bbox 189 1140 1814 1198; baseline 0 -16"><span class='ocrx_word' id='word_1_130' title='bbox 189 1141 273 1182; x_wconf 92' lang='lat' dir='ltr'>che</span> <span class='ocrx_word' id='word_1_131' title='bbox 303 1140 331 1181; x_wconf 92' lang='lat' dir='ltr'>li</span> <span class='ocrx_word' id='word_1_132' title='bbox 359 1140 537 1195; x_wconf 84' lang='lat' dir='ltr'>collegii</span> <span class='ocrx_word' id='word_1_133' title='bbox 570 1141 680 1191; x_wconf 90' lang='lat' dir='ltr'>loro,</span> <span class='ocrx_word' id='word_1_134' title='bbox 712 1141 748 1183; x_wconf 92' lang='lat' dir='ltr'>si</span> <span class='ocrx_word' id='word_1_135' title='bbox 784 1142 896 1183; x_wconf 90' lang='lat' dir='ltr'>uede</span> <span class='ocrx_word' id='word_1_136' title='bbox 929 1141 1045 1184; x_wconf 93' lang='lat' dir='ltr'>nella</span> <span class='ocrx_word' id='word_1_137' title='bbox 1078 1142 1149 1184; x_wconf 63' lang='lat'>6³</span> <span class='ocrx_word' id='word_1_138' title='bbox 1182 1151 1307 1197; x_wconf 86' lang='lat' dir='ltr'>parte</span> <span class='ocrx_word' id='word_1_139' title='bbox 1341 1142 1455 1184; x_wconf 91' lang='lat' dir='ltr'>delle</span> <span class='ocrx_word' id='word_1_140' title='bbox 1489 1141 1814 1198; x_wconf 33' lang='lat' dir='ltr'>constitutio-ni,</span> 
     </span>
     <span class='ocr_line' id='line_1_14' title="bbox 189 1217 1819 1272; baseline 0.001 -14"><span class='ocrx_word' id='word_1_141' title='bbox 189 1230 302 1272; x_wconf 89' lang='lat' dir='ltr'>capo</span> <span class='ocrx_word' id='word_1_142' title='bbox 327 1228 368 1269; x_wconf 83' lang='lat'>23</span> <span class='ocrx_word' id='word_1_143' title='bbox 397 1231 466 1258; x_wconf 86' lang='lat' dir='ltr'>ma</span> <span class='ocrx_word' id='word_1_144' title='bbox 490 1217 565 1272; x_wconf 92' lang='lat' dir='ltr'>qui</span> <span class='ocrx_word' id='word_1_145' title='bbox 589 1217 625 1259; x_wconf 89' lang='lat' dir='ltr'>si</span> <span class='ocrx_word' id='word_1_146' title='bbox 649 1224 780 1259; x_wconf 87' lang='lat' dir='ltr'>troua</span> <span class='ocrx_word' id='word_1_147' title='bbox 804 1219 993 1272; x_wconf 89' lang='lat' dir='ltr'>qualche</span> <span class='ocrx_word' id='word_1_148' title='bbox 1023 1219 1217 1269; x_wconf 87' lang='lat' dir='ltr'>dottore,</span> <span class='ocrx_word' id='word_1_149' title='bbox 1251 1220 1335 1261; x_wconf 93' lang='lat' dir='ltr'>che</span> <span class='ocrx_word' id='word_1_150' title='bbox 1365 1218 1631 1261; x_wconf 79' lang='lat' dir='ltr'>accettando</span> <span class='ocrx_word' id='word_1_151' title='bbox 1659 1218 1704 1259; x_wconf 89' lang='lat' dir='ltr'>in</span> <span class='ocrx_word' id='word_1_152' title='bbox 1737 1232 1819 1259; x_wconf 88' lang='lat' dir='ltr'>suo</span> 
     </span>
     <span class='ocr_line' id='line_1_15' title="bbox 189 1293 1816 1350; baseline 0.002 -16"><span class='ocrx_word' id='word_1_153' title='bbox 189 1293 309 1348; x_wconf 86' lang='lat' dir='ltr'>rigor</span> <span class='ocrx_word' id='word_1_154' title='bbox 332 1300 490 1347; x_wconf 87' lang='lat' dir='ltr'>questa</span> <span class='ocrx_word' id='word_1_155' title='bbox 513 1293 851 1346; x_wconf 86' lang='lat' dir='ltr'>constitutione,</span> <span class='ocrx_word' id='word_1_156' title='bbox 879 1309 962 1350; x_wconf 87' lang='lat' dir='ltr'>pur</span> <span class='ocrx_word' id='word_1_157' title='bbox 989 1295 1106 1338; x_wconf 90' lang='lat' dir='ltr'>tiene</span> <span class='ocrx_word' id='word_1_158' title='bbox 1136 1296 1220 1336; x_wconf 88' lang='lat' dir='ltr'>che</span> <span class='ocrx_word' id='word_1_159' title='bbox 1249 1297 1340 1350; x_wconf 83' lang='lat' dir='ltr'>puo</span> <span class='ocrx_word' id='word_1_160' title='bbox 1372 1295 1602 1337; x_wconf 87' lang='lat' dir='ltr'>succeder&#39;</span> <span class='ocrx_word' id='word_1_161' title='bbox 1626 1294 1656 1335; x_wconf 91' lang='lat' dir='ltr'>il</span> <span class='ocrx_word' id='word_1_162' title='bbox 1679 1295 1816 1337; x_wconf 88' lang='lat' dir='ltr'>colle—</span> 
     </span>
     <span class='ocr_line' id='line_1_16' title="bbox 188 1370 1820 1427; baseline 0.001 -16"><span class='ocrx_word' id='word_1_163' title='bbox 188 1370 279 1424; x_wconf 80' lang='lat' dir='ltr'>gio,</span> <span class='ocrx_word' id='word_1_164' title='bbox 306 1377 349 1412; x_wconf 94' lang='lat' dir='ltr'>et</span> <span class='ocrx_word' id='word_1_165' title='bbox 371 1384 493 1413; x_wconf 87' lang='lat' dir='ltr'>esser</span> <span class='ocrx_word' id='word_1_166' title='bbox 514 1371 680 1413; x_wconf 83' lang='lat' dir='ltr'>herede</span> <span class='ocrx_word' id='word_1_167' title='bbox 702 1372 772 1413; x_wconf 89' lang='lat' dir='ltr'>dei</span> <span class='ocrx_word' id='word_1_168' title='bbox 795 1371 898 1414; x_wconf 89' lang='lat' dir='ltr'>beni</span> <span class='ocrx_word' id='word_1_169' title='bbox 921 1371 995 1426; x_wconf 62' lang='lat' dir='ltr'>gii]</span> <span class='ocrx_word' id='word_1_170' title='bbox 1019 1371 1226 1425; x_wconf 89' lang='lat' dir='ltr'>acquisiti</span> <span class='ocrx_word' id='word_1_171' title='bbox 1252 1386 1329 1425; x_wconf 90' lang='lat' dir='ltr'>per</span> <span class='ocrx_word' id='word_1_172' title='bbox 1347 1371 1410 1427; x_wconf 84' lang='lat' dir='ltr'>gli</span> <span class='ocrx_word' id='word_1_173' title='bbox 1430 1370 1589 1413; x_wconf 88' lang='lat' dir='ltr'>scolari</span> <span class='ocrx_word' id='word_1_174' title='bbox 1608 1370 1820 1425; x_wconf 81' lang='lat' dir='ltr'>collegia-</span> 
     </span>
     <span class='ocr_line' id='line_1_17' title="bbox 188 1446 1819 1500; baseline 0 -13"><span class='ocrx_word' id='word_1_175' title='bbox 188 1446 233 1498; x_wconf 89' lang='lat' dir='ltr'>li‚</span> <span class='ocrx_word' id='word_1_176' title='bbox 259 1454 302 1488; x_wconf 91' lang='lat' dir='ltr'>et</span> <span class='ocrx_word' id='word_1_177' title='bbox 326 1447 542 1500; x_wconf 83' lang='lat' dir='ltr'>pretende</span> <span class='ocrx_word' id='word_1_178' title='bbox 565 1448 648 1488; x_wconf 89' lang='lat' dir='ltr'>che</span> <span class='ocrx_word' id='word_1_179' title='bbox 670 1448 918 1490; x_wconf 87' lang='lat' dir='ltr'>solamente</span> <span class='ocrx_word' id='word_1_180' title='bbox 942 1448 978 1489; x_wconf 89' lang='lat' dir='ltr'>si</span> <span class='ocrx_word' id='word_1_181' title='bbox 1009 1448 1192 1491; x_wconf 90' lang='lat' dir='ltr'>escluda</span> <span class='ocrx_word' id='word_1_182' title='bbox 1222 1448 1263 1489; x_wconf 88' lang='lat' dir='ltr'>la</span> <span class='ocrx_word' id='word_1_183' title='bbox 1291 1447 1582 1490; x_wconf 88' lang='lat' dir='ltr'>successione</span> <span class='ocrx_word' id='word_1_184' title='bbox 1616 1446 1689 1489; x_wconf 90' lang='lat' dir='ltr'>nei</span> <span class='ocrx_word' id='word_1_185' title='bbox 1718 1446 1819 1490; x_wconf 89' lang='lat' dir='ltr'>beni</span> 
     </span>
     <span class='ocr_line' id='line_1_18' title="bbox 188 1522 1820 1579; baseline 0 -15"><span class='ocrx_word' id='word_1_186' title='bbox 188 1522 228 1564; x_wconf 83' lang='lat' dir='ltr'>ai</span> <span class='ocrx_word' id='word_1_187' title='bbox 252 1523 371 1576; x_wconf 87' lang='lat' dir='ltr'>quali</span> <span class='ocrx_word' id='word_1_188' title='bbox 394 1524 585 1566; x_wconf 86' lang='lat' dir='ltr'>hauesse</span> <span class='ocrx_word' id='word_1_189' title='bbox 607 1525 797 1577; x_wconf 88' lang='lat' dir='ltr'>qualche</span> <span class='ocrx_word' id='word_1_190' title='bbox 820 1525 990 1566; x_wconf 88' lang='lat' dir='ltr'>attione</span> <span class='ocrx_word' id='word_1_191' title='bbox 1013 1524 1041 1565; x_wconf 93' lang='lat' dir='ltr'>il</span> <span class='ocrx_word' id='word_1_192' title='bbox 1065 1523 1300 1579; x_wconf 81' lang='lat' dir='ltr'>collegiale</span> <span class='ocrx_word' id='word_1_193' title='bbox 1326 1531 1487 1566; x_wconf 90' lang='lat' dir='ltr'>morto.</span> <span class='ocrx_word' id='word_1_194' title='bbox 1520 1522 1575 1565; x_wconf 87' lang='lat' dir='ltr'>Et</span> <span class='ocrx_word' id='word_1_195' title='bbox 1597 1524 1622 1565; x_wconf 83' lang='lat' dir='ltr'>e</span> <span class='ocrx_word' id='word_1_196' title='bbox 1651 1530 1820 1565; x_wconf 88' lang='lat' dir='ltr'>uenuto</span> 
     </span>
     <span class='ocr_line' id='line_1_19' title="bbox 189 1599 1816 1655; baseline 0.001 -16"><span class='ocrx_word' id='word_1_197' title='bbox 189 1599 234 1640; x_wconf 89' lang='lat' dir='ltr'>in</span> <span class='ocrx_word' id='word_1_198' title='bbox 257 1599 446 1653; x_wconf 86' lang='lat' dir='ltr'>prattica</span> <span class='ocrx_word' id='word_1_199' title='bbox 469 1607 630 1653; x_wconf 90' lang='lat' dir='ltr'>questo</span> <span class='ocrx_word' id='word_1_200' title='bbox 653 1614 758 1642; x_wconf 90' lang='lat' dir='ltr'>caso</span> <span class='ocrx_word' id='word_1_201' title='bbox 782 1600 824 1641; x_wconf 90' lang='lat' dir='ltr'>in</span> <span class='ocrx_word' id='word_1_202' title='bbox 850 1614 909 1642; x_wconf 92' lang='lat' dir='ltr'>un</span> <span class='ocrx_word' id='word_1_203' title='bbox 933 1601 1183 1655; x_wconf 84' lang='lat' dir='ltr'>collegiale,</span> <span class='ocrx_word' id='word_1_204' title='bbox 1211 1601 1238 1641; x_wconf 91' lang='lat' dir='ltr'>il</span> <span class='ocrx_word' id='word_1_205' title='bbox 1263 1602 1366 1654; x_wconf 88' lang='lat' dir='ltr'>qual</span> <span class='ocrx_word' id='word_1_206' title='bbox 1394 1601 1634 1643; x_wconf 84' lang='lat' dir='ltr'>realmente</span> <span class='ocrx_word' id='word_1_207' title='bbox 1664 1614 1816 1654; x_wconf 91' lang='lat' dir='ltr'>posse—</span> 
     </span>
     <span class='ocr_line' id='line_1_20' title="bbox 188 1675 1819 1730; baseline 0.001 -14"><span class='ocrx_word' id='word_1_208' title='bbox 188 1675 303 1716; x_wconf 89' lang='lat' dir='ltr'>deua</span> <span class='ocrx_word' id='word_1_209' title='bbox 326 1675 434 1717; x_wconf 88' lang='lat' dir='ltr'>certi</span> <span class='ocrx_word' id='word_1_210' title='bbox 458 1675 562 1716; x_wconf 89' lang='lat' dir='ltr'>beni</span> <span class='ocrx_word' id='word_1_211' title='bbox 580 1675 743 1728; x_wconf 85' lang='lat' dir='ltr'>stabili,</span> <span class='ocrx_word' id='word_1_212' title='bbox 765 1684 808 1719; x_wconf 90' lang='lat' dir='ltr'>et</span> <span class='ocrx_word' id='word_1_213' title='bbox 832 1677 1047 1720; x_wconf 88' lang='lat' dir='ltr'>morendo</span> <span class='ocrx_word' id='word_1_214' title='bbox 1069 1677 1124 1718; x_wconf 89' lang='lat' dir='ltr'>ab</span> <span class='ocrx_word' id='word_1_215' title='bbox 1142 1677 1374 1728; x_wconf 89' lang='lat' dir='ltr'>intestato,</span> <span class='ocrx_word' id='word_1_216' title='bbox 1397 1676 1560 1718; x_wconf 92' lang='lat' dir='ltr'>dicono</span> <span class='ocrx_word' id='word_1_217' title='bbox 1582 1677 1666 1718; x_wconf 93' lang='lat' dir='ltr'>che</span> <span class='ocrx_word' id='word_1_218' title='bbox 1684 1676 1819 1730; x_wconf 90' lang='lat' dir='ltr'>quelli</span> 
     </span>
     <span class='ocr_line' id='line_1_21' title="bbox 188 1750 1818 1808; baseline 0.001 -17"><span class='ocrx_word' id='word_1_219' title='bbox 188 1750 290 1793; x_wconf 84' lang='lat' dir='ltr'>beni</span> <span class='ocrx_word' id='word_1_220' title='bbox 313 1751 368 1793; x_wconf 90' lang='lat' dir='ltr'>de</span> <span class='ocrx_word' id='word_1_221' title='bbox 390 1751 486 1793; x_wconf 89' lang='lat' dir='ltr'>iure</span> <span class='ocrx_word' id='word_1_222' title='bbox 509 1766 721 1807; x_wconf 83' lang='lat' dir='ltr'>uengono</span> <span class='ocrx_word' id='word_1_223' title='bbox 743 1754 783 1794; x_wconf 86' lang='lat' dir='ltr'>al</span> <span class='ocrx_word' id='word_1_224' title='bbox 802 1753 1012 1808; x_wconf 82' lang='lat' dir='ltr'>collegio,</span> <span class='ocrx_word' id='word_1_225' title='bbox 1034 1760 1078 1795; x_wconf 88' lang='lat' dir='ltr'>et</span> <span class='ocrx_word' id='word_1_226' title='bbox 1096 1754 1179 1794; x_wconf 91' lang='lat' dir='ltr'>che</span> <span class='ocrx_word' id='word_1_227' title='bbox 1199 1753 1239 1794; x_wconf 92' lang='lat' dir='ltr'>la</span> <span class='ocrx_word' id='word_1_228' title='bbox 1257 1752 1584 1794; x_wconf 88' lang='lat' dir='ltr'>constitutione</span> <span class='ocrx_word' id='word_1_229' title='bbox 1601 1753 1818 1795; x_wconf 88' lang='lat' dir='ltr'>solamen-</span> 
     </span>
     <span class='ocr_line' id='line_1_22' title="bbox 191 1828 1817 1883; baseline 0 -14"><span class='ocrx_word' id='word_1_230' title='bbox 191 1836 234 1869; x_wconf 88' lang='lat' dir='ltr'>te</span> <span class='ocrx_word' id='word_1_231' title='bbox 256 1829 440 1869; x_wconf 90' lang='lat' dir='ltr'>esclude</span> <span class='ocrx_word' id='word_1_232' title='bbox 460 1828 529 1869; x_wconf 91' lang='lat' dir='ltr'>ius</span> <span class='ocrx_word' id='word_1_233' title='bbox 551 1829 826 1871; x_wconf 91' lang='lat' dir='ltr'>succedendi</span> <span class='ocrx_word' id='word_1_234' title='bbox 848 1830 891 1870; x_wconf 92' lang='lat' dir='ltr'>in</span> <span class='ocrx_word' id='word_1_235' title='bbox 918 1844 1007 1871; x_wconf 87' lang='lat' dir='ltr'>non</span> <span class='ocrx_word' id='word_1_236' title='bbox 1032 1829 1213 1874; x_wconf 87' lang='lat' dir='ltr'>habitis.</span> <span class='ocrx_word' id='word_1_237' title='bbox 1241 1831 1286 1871; x_wconf 90' lang='lat' dir='ltr'>Io</span> <span class='ocrx_word' id='word_1_238' title='bbox 1312 1831 1371 1871; x_wconf 90' lang='lat' dir='ltr'>ho</span> <span class='ocrx_word' id='word_1_239' title='bbox 1393 1829 1518 1872; x_wconf 87' lang='lat' dir='ltr'>detto</span> <span class='ocrx_word' id='word_1_240' title='bbox 1543 1843 1717 1883; x_wconf 89' lang='lat' dir='ltr'>sempre</span> <span class='ocrx_word' id='word_1_241' title='bbox 1739 1830 1817 1869; x_wconf 72' lang='lat' dir='ltr'>h‘a-</span> 
     </span>
     <span class='ocr_line' id='line_1_23' title="bbox 195 1904 1818 1959; baseline 0 -13"><span class='ocrx_word' id='word_1_242' title='bbox 195 1905 284 1946; x_wconf 64' lang='lat' dir='ltr'>uer’</span> <span class='ocrx_word' id='word_1_243' title='bbox 306 1904 451 1948; x_wconf 87' lang='lat' dir='ltr'>inteso</span> <span class='ocrx_word' id='word_1_244' title='bbox 473 1907 557 1948; x_wconf 91' lang='lat' dir='ltr'>che</span> <span class='ocrx_word' id='word_1_245' title='bbox 579 1906 725 1959; x_wconf 87' lang='lat' dir='ltr'>quella</span> <span class='ocrx_word' id='word_1_246' title='bbox 747 1906 1068 1949; x_wconf 87' lang='lat' dir='ltr'>constitutione</span> <span class='ocrx_word' id='word_1_247' title='bbox 1091 1907 1350 1950; x_wconf 90' lang='lat' dir='ltr'>escludesse</span> <span class='ocrx_word' id='word_1_248' title='bbox 1381 1913 1504 1949; x_wconf 89' lang='lat' dir='ltr'>tanto</span> <span class='ocrx_word' id='word_1_249' title='bbox 1535 1906 1562 1947; x_wconf 91' lang='lat' dir='ltr'>li</span> <span class='ocrx_word' id='word_1_250' title='bbox 1591 1905 1695 1947; x_wconf 87' lang='lat' dir='ltr'>beni</span> <span class='ocrx_word' id='word_1_251' title='bbox 1721 1919 1818 1959; x_wconf 91' lang='lat' dir='ltr'>pos-</span> 
     </span>
     <span class='ocr_line' id='line_1_24' title="bbox 190 1977 1819 2037; baseline 0 -15"><span class='ocrx_word' id='word_1_252' title='bbox 190 1981 300 2024; x_wconf 86' lang='lat' dir='ltr'>sessi</span> <span class='ocrx_word' id='word_1_253' title='bbox 323 1982 395 2022; x_wconf 88' lang='lat' dir='ltr'>dal</span> <span class='ocrx_word' id='word_1_254' title='bbox 417 1981 667 2035; x_wconf 83' lang='lat' dir='ltr'>collegiale,</span> <span class='ocrx_word' id='word_1_255' title='bbox 697 1990 868 2036; x_wconf 90' lang='lat' dir='ltr'>quanto</span> <span class='ocrx_word' id='word_1_256' title='bbox 897 1983 1080 2037; x_wconf 82' lang='lat' dir='ltr'>gl&#39;altri3</span> <span class='ocrx_word' id='word_1_257' title='bbox 1113 1991 1157 2025; x_wconf 89' lang='lat' dir='ltr'>et</span> <span class='ocrx_word' id='word_1_258' title='bbox 1187 1983 1378 2024; x_wconf 87' lang='lat' dir='ltr'>tuttauia</span> <span class='ocrx_word' id='word_1_259' title='bbox 1407 1997 1545 2037; x_wconf 88' lang='lat' dir='ltr'>parue</span> <span class='ocrx_word' id='word_1_260' title='bbox 1568 1982 1612 2023; x_wconf 92' lang='lat' dir='ltr'>di</span> <span class='ocrx_word' id='word_1_261' title='bbox 1636 1977 1819 2024; x_wconf 88' lang='lat' dir='ltr'>douersi</span> 
     </span>
     <span class='ocr_line' id='line_1_25' title="bbox 191 2057 1554 2114; baseline 0.002 -16"><span class='ocrx_word' id='word_1_262' title='bbox 191 2059 422 2099; x_wconf 84' lang='lat' dir='ltr'>consultar</span> <span class='ocrx_word' id='word_1_263' title='bbox 446 2060 500 2100; x_wconf 89' lang='lat' dir='ltr'>V.</span> <span class='ocrx_word' id='word_1_264' title='bbox 531 2059 601 2113; x_wconf 85' lang='lat' dir='ltr'>P.,</span> <span class='ocrx_word' id='word_1_265' title='bbox 629 2059 790 2112; x_wconf 78' lang='lat' dir='ltr'>perche</span> <span class='ocrx_word' id='word_1_266' title='bbox 814 2060 877 2101; x_wconf 86' lang='lat' dir='ltr'>sia</span> <span class='ocrx_word' id='word_1_267' title='bbox 902 2059 977 2114; x_wconf 70' lang='lat' dir='ltr'>piu</span> <span class='ocrx_word' id='word_1_268' title='bbox 1001 2060 1123 2101; x_wconf 82' lang='lat' dir='ltr'>salda</span> <span class='ocrx_word' id='word_1_269' title='bbox 1147 2061 1187 2101; x_wconf 86' lang='lat' dir='ltr'>la</span> <span class='ocrx_word' id='word_1_270' title='bbox 1213 2059 1476 2101; x_wconf 87' lang='lat' dir='ltr'>risolutione</span> <span class='ocrx_word' id='word_1_271' title='bbox 1504 2057 1554 2101; x_wconf 73' lang='lat'>¹³.</span> 
     </span>
    </p>

    <p class='ocr_par' dir='ltr' id='par_1_5' title="bbox 190 2134 1875 2495">
     <span class='ocr_line' id='line_1_26' title="bbox 279 2134 1818 2190; baseline -0.002 -13"><span class='ocrx_word' id='word_1_272' title='bbox 279 2150 321 2190; x_wconf 78' lang='lat' dir='ltr'>o.</span> <span class='ocrx_word' id='word_1_273' title='bbox 388 2135 488 2176; x_wconf 87' lang='lat' dir='ltr'>Vna</span> <span class='ocrx_word' id='word_1_274' title='bbox 511 2142 632 2176; x_wconf 86' lang='lat' dir='ltr'>certa</span> <span class='ocrx_word' id='word_1_275' title='bbox 655 2135 831 2177; x_wconf 84' lang='lat' dir='ltr'>isoletta</span> <span class='ocrx_word' id='word_1_276' title='bbox 849 2138 932 2178; x_wconf 91' lang='lat' dir='ltr'>che</span> <span class='ocrx_word' id='word_1_277' title='bbox 954 2136 991 2177; x_wconf 88' lang='lat' dir='ltr'>si</span> <span class='ocrx_word' id='word_1_278' title='bbox 1014 2136 1111 2178; x_wconf 87' lang='lat' dir='ltr'>dice</span> <span class='ocrx_word' id='word_1_279' title='bbox 1129 2137 1217 2179; x_wconf 84' lang='lat' dir='ltr'>San</span> <span class='ocrx_word' id='word_1_280' title='bbox 1245 2136 1536 2189; x_wconf 81' lang='lat' dir='ltr'>Pantaleone,</span> <span class='ocrx_word' id='word_1_281' title='bbox 1564 2135 1713 2176; x_wconf 87' lang='lat' dir='ltr'>uicina</span> <span class='ocrx_word' id='word_1_282' title='bbox 1736 2134 1818 2175; x_wconf 88' lang='lat' dir='ltr'>alla</span> 
     </span>
     <span class='ocr_line' id='line_1_27' title="bbox 190 2210 1875 2265; baseline -0.001 -13"><span class='ocrx_word' id='word_1_283' title='bbox 190 2211 298 2253; x_wconf 75' lang='lat' dir='ltr'>citta</span> <span class='ocrx_word' id='word_1_284' title='bbox 319 2210 364 2252; x_wconf 89' lang='lat' dir='ltr'>di</span> <span class='ocrx_word' id='word_1_285' title='bbox 388 2212 594 2265; x_wconf 82' lang='lat' dir='ltr'>Marsala,</span> <span class='ocrx_word' id='word_1_286' title='bbox 621 2219 776 2253; x_wconf 83' lang='lat' dir='ltr'>consta</span> <span class='ocrx_word' id='word_1_287' title='bbox 807 2226 954 2254; x_wconf 86' lang='lat' dir='ltr'>essere</span> <span class='ocrx_word' id='word_1_288' title='bbox 983 2220 1099 2253; x_wconf 84' lang='lat' dir='ltr'>stata</span> <span class='ocrx_word' id='word_1_289' title='bbox 1127 2211 1413 2255; x_wconf 84' lang='lat' dir='ltr'>dell&#39;abbatia</span> <span class='ocrx_word' id='word_1_290' title='bbox 1440 2212 1564 2253; x_wconf 85' lang='lat' dir='ltr'>unita</span> <span class='ocrx_word' id='word_1_291' title='bbox 1594 2212 1634 2253; x_wconf 89' lang='lat' dir='ltr'>al</span> <span class='ocrx_word' id='word_1_292' title='bbox 1667 2218 1819 2251; x_wconf 89' lang='lat' dir='ltr'>nostro</span> <span class='ocrx_word' id='word_1_293' title='bbox 1872 2216 1875 2243; x_wconf 65' lang='grc' dir='ltr'><em>ὃ</em></span> 
     </span>
     <span class='ocr_line' id='line_1_28' title="bbox 193 2287 1874 2342; baseline 0.001 -13"><span class='ocrx_word' id='word_1_294' title='bbox 193 2288 401 2342; x_wconf 82' lang='lat' dir='ltr'>collegio,</span> <span class='ocrx_word' id='word_1_295' title='bbox 438 2294 482 2329; x_wconf 91' lang='lat' dir='ltr'>et</span> <span class='ocrx_word' id='word_1_296' title='bbox 512 2288 672 2330; x_wconf 86' lang='lat' dir='ltr'>adesso</span> <span class='ocrx_word' id='word_1_297' title='bbox 705 2289 745 2328; x_wconf 84' lang='lat' dir='ltr'>la</span> <span class='ocrx_word' id='word_1_298' title='bbox 779 2288 898 2330; x_wconf 88' lang='lat' dir='ltr'>tiene</span> <span class='ocrx_word' id='word_1_299' title='bbox 940 2296 1149 2342; x_wconf 83' lang='lat' dir='ltr'>usurpata</span> <span class='ocrx_word' id='word_1_300' title='bbox 1186 2289 1226 2329; x_wconf 91' lang='lat' dir='ltr'>la</span> <span class='ocrx_word' id='word_1_301' title='bbox 1251 2287 1375 2330; x_wconf 82' lang='lat' dir='ltr'>citta.</span> <span class='ocrx_word' id='word_1_302' title='bbox 1412 2288 1459 2331; x_wconf 89' lang='lat' dir='ltr'>Si</span> <span class='ocrx_word' id='word_1_303' title='bbox 1497 2301 1608 2329; x_wconf 88' lang='lat' dir='ltr'>sono</span> <span class='ocrx_word' id='word_1_304' title='bbox 1647 2294 1818 2327; x_wconf 90' lang='lat' dir='ltr'>trouate</span> <span class='ocrx_word' id='word_1_305' title='bbox 1872 2306 1874 2330; x_wconf 67' lang='lat' dir='ltr'>l</span> 
     </span>
     <span class='ocr_line' id='line_1_29' title="bbox 193 2362 1819 2419; baseline -0.001 -15"><span class='ocrx_word' id='word_1_306' title='bbox 193 2364 401 2405; x_wconf 86' lang='lat' dir='ltr'>scritture</span> <span class='ocrx_word' id='word_1_307' title='bbox 424 2363 602 2405; x_wconf 86' lang='lat' dir='ltr'>antiche</span> <span class='ocrx_word' id='word_1_308' title='bbox 625 2364 681 2405; x_wconf 86' lang='lat' dir='ltr'>da</span> <span class='ocrx_word' id='word_1_309' title='bbox 705 2372 829 2418; x_wconf 86' lang='lat' dir='ltr'>poter</span> <span class='ocrx_word' id='word_1_310' title='bbox 854 2365 1026 2418; x_wconf 81' lang='lat' dir='ltr'>prouar&#39;</span> <span class='ocrx_word' id='word_1_311' title='bbox 1050 2379 1176 2406; x_wconf 90' lang='lat' dir='ltr'>esser</span> <span class='ocrx_word' id='word_1_312' title='bbox 1199 2364 1270 2407; x_wconf 91' lang='lat' dir='ltr'>del</span> <span class='ocrx_word' id='word_1_313' title='bbox 1293 2364 1485 2419; x_wconf 84' lang='lat' dir='ltr'>collegio</span> <span class='ocrx_word' id='word_1_314' title='bbox 1518 2365 1639 2405; x_wconf 85' lang='lat' dir='ltr'>detta</span> <span class='ocrx_word' id='word_1_315' title='bbox 1670 2362 1819 2404; x_wconf 88' lang='lat' dir='ltr'>isolet-</span> 
     </span>
     <span class='ocr_line' id='line_1_30' title="bbox 194 2437 1822 2495; baseline -0.002 -13"><span class='ocrx_word' id='word_1_316' title='bbox 194 2450 254 2482; x_wconf 85' lang='lat' dir='ltr'>ta.</span> <span class='ocrx_word' id='word_1_317' title='bbox 281 2440 578 2482; x_wconf 85' lang='lat' dir='ltr'>Vorrebbono</span> <span class='ocrx_word' id='word_1_318' title='bbox 601 2441 746 2493; x_wconf 92' lang='lat' dir='ltr'>questi</span> <span class='ocrx_word' id='word_1_319' title='bbox 772 2440 993 2495; x_wconf 84' lang='lat' dir='ltr'>collegiali</span> <span class='ocrx_word' id='word_1_320' title='bbox 1010 2441 1178 2482; x_wconf 86' lang='lat' dir='ltr'>licenza</span> <span class='ocrx_word' id='word_1_321' title='bbox 1201 2441 1244 2481; x_wconf 92' lang='lat' dir='ltr'>di</span> <span class='ocrx_word' id='word_1_322' title='bbox 1268 2441 1323 2482; x_wconf 88' lang='lat' dir='ltr'>V.</span> <span class='ocrx_word' id='word_1_323' title='bbox 1353 2442 1403 2482; x_wconf 90' lang='lat' dir='ltr'>P.</span> <span class='ocrx_word' id='word_1_324' title='bbox 1430 2440 1473 2481; x_wconf 90' lang='lat' dir='ltr'>di</span> <span class='ocrx_word' id='word_1_325' title='bbox 1499 2447 1623 2494; x_wconf 87' lang='lat' dir='ltr'>poter</span> <span class='ocrx_word' id='word_1_326' title='bbox 1649 2452 1727 2493; x_wconf 90' lang='lat' dir='ltr'>per</span> <span class='ocrx_word' id='word_1_327' title='bbox 1750 2437 1822 2479; x_wconf 90' lang='lat' dir='ltr'>uia</span> 
     </span>
    </p>

    <p class='ocr_par' dir='ltr' id='par_1_6' title="bbox 1668 2515 1687 2533">
     <span class='ocr_line' id='line_1_31' title="bbox 1668 2515 1687 2533; baseline 0 0"><span class='ocrx_word' id='word_1_328' title='bbox 1668 2515 1687 2533; x_wconf 79' lang='lat' dir='ltr'>a</span> 
     </span>
    </p>
   </div>
   <div class='ocr_carea' id='block_1_3' title="bbox 193 2516 1874 2648">
    <p class='ocr_par' dir='ltr' id='par_1_7' title="bbox 193 2516 1874 2648">
     <span class='ocr_line' id='line_1_32' title="bbox 195 2516 1874 2571; baseline -0.002 -13"><span class='ocrx_word' id='word_1_329' title='bbox 195 2517 239 2558; x_wconf 92' lang='lat' dir='ltr'>di</span> <span class='ocrx_word' id='word_1_330' title='bbox 263 2517 447 2571; x_wconf 81' lang='lat' dir='ltr'>ragione</span> <span class='ocrx_word' id='word_1_331' title='bbox 470 2517 715 2558; x_wconf 88' lang='lat' dir='ltr'>domandar</span> <span class='ocrx_word' id='word_1_332' title='bbox 744 2517 771 2557; x_wconf 93' lang='lat' dir='ltr'>il</span> <span class='ocrx_word' id='word_1_333' title='bbox 795 2531 893 2569; x_wconf 92' lang='lat' dir='ltr'>suo,</span> <span class='ocrx_word' id='word_1_334' title='bbox 920 2518 1152 2559; x_wconf 88' lang='lat' dir='ltr'>conforme</span> <span class='ocrx_word' id='word_1_335' title='bbox 1181 2518 1252 2559; x_wconf 85' lang='lat' dir='ltr'>alli</span> <span class='ocrx_word' id='word_1_336' title='bbox 1282 2517 1451 2559; x_wconf 85' lang='lat' dir='ltr'>decreti</span> <span class='ocrx_word' id='word_1_337' title='bbox 1480 2516 1593 2558; x_wconf 87' lang='lat' dir='ltr'>della</span> <span class='ocrx_word' id='word_1_338' title='bbox 1619 2528 1659 2557; x_wconf 83' lang='lat'>2.</span> <span class='ocrx_word' id='word_1_339' title='bbox 1717 2529 1818 2556; x_wconf 92' lang='lat' dir='ltr'>con·</span> <span class='ocrx_word' id='word_1_340' title='bbox 1872 2538 1874 2570; x_wconf 59' lang='lat'><em>5</em></span> 
     </span>
     <span class='ocr_line' id='line_1_33' title="bbox 193 2589 1873 2648; baseline -0.001 -15"><span class='ocrx_word' id='word_1_341' title='bbox 193 2593 476 2648; x_wconf 79' lang='lat' dir='ltr'>gregatione,</span> <span class='ocrx_word' id='word_1_342' title='bbox 503 2594 685 2636; x_wconf 89' lang='lat' dir='ltr'>decreto</span> <span class='ocrx_word' id='word_1_343' title='bbox 709 2604 780 2646; x_wconf 79' lang='lat'>74,</span> <span class='ocrx_word' id='word_1_344' title='bbox 814 2602 857 2636; x_wconf 88' lang='lat' dir='ltr'>et</span> <span class='ocrx_word' id='word_1_345' title='bbox 880 2608 1053 2636; x_wconf 87' lang='lat' dir='ltr'>canone</span> <span class='ocrx_word' id='word_1_346' title='bbox 1079 2607 1148 2647; x_wconf 80' lang='lat'>33.</span> <span class='ocrx_word' id='word_1_347' title='bbox 1178 2595 1234 2636; x_wconf 88' lang='lat' dir='ltr'>V.</span> <span class='ocrx_word' id='word_1_348' title='bbox 1270 2596 1319 2635; x_wconf 88' lang='lat' dir='ltr'>P.</span> <span class='ocrx_word' id='word_1_349' title='bbox 1348 2594 1463 2636; x_wconf 78' lang='lat' dir='ltr'>ueda</span> <span class='ocrx_word' id='word_1_350' title='bbox 1487 2608 1534 2635; x_wconf 81' lang='lat' dir='ltr'>se</span> <span class='ocrx_word' id='word_1_351' title='bbox 1558 2594 1690 2633; x_wconf 74' lang='lat' dir='ltr'>uorra</span> <span class='ocrx_word' id='word_1_352' title='bbox 1713 2591 1820 2632; x_wconf 89' lang='lat' dir='ltr'>darli</span> <span class='ocrx_word' id='word_1_353' title='bbox 1871 2589 1873 2599; x_wconf 61' lang='lat'><strong>¹</strong></span> 
     </span>
    </p>
   </div>
   <div class='ocr_carea' id='block_1_4' title="bbox 196 2750 1871 3022">
    <p class='ocr_par' dir='ltr' id='par_1_8' title="bbox 196 2750 1818 2848">
     <span class='ocr_line' id='line_1_34' title="bbox 249 2750 1818 2798; baseline -0.002 -12"><span class='ocrx_word' id='word_1_354' title='bbox 249 2754 275 2772; x_wconf 83' lang='lat'>¹¹</span> <span class='ocrx_word' id='word_1_355' title='bbox 327 2753 460 2798; x_wconf 85' lang='lat' dir='ltr'>Resp.:</span> <span class='ocrx_word' id='word_1_356' title='bbox 481 2753 624 2786; x_wconf 87' lang='lat' dir='ltr'>Romae</span> <span class='ocrx_word' id='word_1_357' title='bbox 648 2757 687 2786; x_wconf 88' lang='lat' dir='ltr'>et</span> <span class='ocrx_word' id='word_1_358' title='bbox 706 2753 848 2798; x_wconf 88' lang='lat' dir='ltr'>ubique</span> <span class='ocrx_word' id='word_1_359' title='bbox 876 2752 1136 2787; x_wconf 84' lang='lat' dir='ltr'>visitationem</span> <span class='ocrx_word' id='word_1_360' title='bbox 1157 2753 1384 2787; x_wconf 82' lang='lat' dir='ltr'>matutinam</span> <span class='ocrx_word' id='word_1_361' title='bbox 1413 2751 1509 2795; x_wconf 77' lang='lat' dir='ltr'>fieri3</span> <span class='ocrx_word' id='word_1_362' title='bbox 1539 2762 1582 2785; x_wconf 86' lang='lat' dir='ltr'>ac</span> <span class='ocrx_word' id='word_1_363' title='bbox 1607 2750 1818 2784; x_wconf 81' lang='lat' dir='ltr'>faciendam</span> 
     </span>
     <span class='ocr_line' id='line_1_35' title="bbox 196 2805 1226 2848; baseline -0.003 -2"><span class='ocrx_word' id='word_1_364' title='bbox 196 2813 233 2846; x_wconf 92' lang='lat' dir='ltr'>in</span> <span class='ocrx_word' id='word_1_365' title='bbox 254 2811 398 2848; x_wconf 73' lang='lat' dir='ltr'>Sicilia.</span> <span class='ocrx_word' id='word_1_366' title='bbox 1223 2805 1226 2810; x_wconf 69' lang='grc'><strong>’</strong></span> 
     </span>
    </p>

    <p class='ocr_par' dir='ltr' id='par_1_9' title="bbox 247 2869 1200 2915">
     <span class='ocr_line' id='line_1_36' title="bbox 247 2869 1200 2915; baseline 0.001 -11"><span class='ocrx_word' id='word_1_367' title='bbox 247 2871 273 2889; x_wconf 78' lang='lat'>¹²</span> <span class='ocrx_word' id='word_1_368' title='bbox 324 2871 458 2915; x_wconf 87' lang='lat' dir='ltr'>Resp.:</span> <span class='ocrx_word' id='word_1_369' title='bbox 479 2869 610 2904; x_wconf 88' lang='lat' dir='ltr'>confer</span> <span class='ocrx_word' id='word_1_370' title='bbox 630 2881 730 2915; x_wconf 87' lang='lat' dir='ltr'>resp.</span> <span class='ocrx_word' id='word_1_371' title='bbox 752 2869 798 2903; x_wconf 91' lang='lat' dir='ltr'>ad</span> <span class='ocrx_word' id='word_1_372' title='bbox 819 2879 899 2913; x_wconf 51' lang='lat'>2211,</span> <span class='ocrx_word' id='word_1_373' title='bbox 918 2871 994 2912; x_wconf 83' lang='lat' dir='ltr'>hie,</span> <span class='ocrx_word' id='word_1_374' title='bbox 1014 2876 1143 2904; x_wconf 84' lang='lat' dir='ltr'>annot.</span> <span class='ocrx_word' id='word_1_375' title='bbox 1166 2869 1200 2905; x_wconf 83' lang='lat'>3.</span> 
     </span>
    </p>

    <p class='ocr_par' dir='ltr' id='par_1_10' title="bbox 201 2927 1871 3022">
     <span class='ocr_line' id='line_1_37' title="bbox 247 2927 1871 2975; baseline -0.002 -13"><span class='ocrx_word' id='word_1_376' title='bbox 247 2930 274 2948; x_wconf 69' lang='lat'>¹²³</span> <span class='ocrx_word' id='word_1_377' title='bbox 325 2929 457 2973; x_wconf 90' lang='lat' dir='ltr'>Resp.:</span> <span class='ocrx_word' id='word_1_378' title='bbox 475 2940 622 2971; x_wconf 80' lang='lat' dir='ltr'>revera,</span> <span class='ocrx_word' id='word_1_379' title='bbox 639 2929 956 2963; x_wconf 87' lang='lat' dir='ltr'>constitutionum</span> <span class='ocrx_word' id='word_1_380' title='bbox 973 2929 1021 2962; x_wconf 87' lang='lat' dir='ltr'>de</span> <span class='ocrx_word' id='word_1_381' title='bbox 1037 2935 1262 2975; x_wconf 85' lang='lat' dir='ltr'>paupertate</span> <span class='ocrx_word' id='word_1_382' title='bbox 1279 2939 1466 2971; x_wconf 85' lang='lat' dir='ltr'>normam,</span> <span class='ocrx_word' id='word_1_383' title='bbox 1484 2928 1568 2972; x_wconf 90' lang='lat' dir='ltr'>plus</span> <span class='ocrx_word' id='word_1_384' title='bbox 1584 2927 1716 2960; x_wconf 84' lang='lat' dir='ltr'>valere</span> <span class='ocrx_word' id='word_1_385' title='bbox 1732 2936 1819 2971; x_wconf 82' lang='lat' dir='ltr'>qua·</span> <span class='ocrx_word' id='word_1_386' title='bbox 1869 2937 1871 2964; x_wconf 49' lang='lat'>⁴,</span> 
     </span>
     <span class='ocr_line' id='line_1_38' title="bbox 201 2986 502 3022; baseline 0.003 -1"><span class='ocrx_word' id='word_1_387' title='bbox 201 2990 256 3021; x_wconf 90' lang='lat' dir='ltr'>vis</span> <span class='ocrx_word' id='word_1_388' title='bbox 276 2986 502 3022; x_wconf 83' lang='lat' dir='ltr'>hereditate.</span> 
     </span>
    </p>
   </div>
   <div class='ocr_carea' id='block_1_5' title="bbox 1868 1857 1878 3000">
    <p class='ocr_par' dir='ltr' id='par_1_11' title="bbox 1868 1857 1878 3000">
     <span class='ocr_line' id='line_1_39' title="bbox 1868 1857 1878 3000; baseline 0 0"><span class='ocrx_word' id='word_1_389' title='bbox 1868 1857 1878 3000; x_wconf 95' lang='lat' dir='ltr'> </span> 
     </span>
    </p>
   </div>
   <div class='ocr_carea' id='block_1_6' title="bbox 1866 1857 1879 3292">
    <p class='ocr_par' dir='ltr' id='par_1_12' title="bbox 1866 1857 1879 3292">
     <span class='ocr_line' id='line_1_40' title="bbox 1866 1857 1879 3292; baseline 0 0"><span class='ocrx_word' id='word_1_390' title='bbox 1866 1857 1879 3292; x_wconf 95' lang='lat' dir='ltr'> </span> 
     </span>
    </p>
   </div>
  </div>
 </body>
</html>
