1891 3292
241 173 309 207 680
748 171 933 206 POLANcr
960 179 1274 207 COMPLEMENTA

195 275 301 324 luta,
328 283 370 314 et
392 271 569 313 visitato
590 271 723 313 etiam
747 272 986 314 Catanzari
1009 272 1213 326 collegio,
1236 273 1442 323 Romam,
1464 279 1511 312 vt
1534 270 1730 313 omnium
1751 286 1816 314 ra·
1878 286 1883 298 ¹

198 333 363 373 tionem
389 331 611 381 redderet,
633 331 718 371 sub
741 331 874 372 finem
899 331 1102 372 autumni
1126 346 1173 373 se
1196 330 1401 373 contulit.

286 400 355 441 57.
422 390 522 430 Hoc
556 389 713 431 eodem
745 397 963 431 autumno
997 391 1052 431 D.
1088 391 1273 431 Ioannes
1312 389 1512 431 Mariana
1541 388 1585 428 in
1620 387 1816 431 Siciliam

199 448 361 489 missus
383 455 468 502 est,
496 455 540 488 vt
573 447 733 489 studiis
768 447 1023 502 theologiae
1057 448 1099 489 in
1136 463 1187 490 ea
1220 447 1449 500 prouincia
1479 447 1596 500 (narn
1628 446 1817 500 philoso-

197 506 325 561 phiae
346 520 506 548 cursus
528 505 613 546 iam
643 506 836 547 instituti
859 514 986 548 erant
1009 506 1124 548 sicut
1153 515 1196 549 et
1220 505 1429 560 Neapoli)
1453 505 1611 559 ceptis,
1640 505 1816 559 plenum

198 566 240 606 in
264 564 467 606 doctrina
491 572 641 605 nostra
665 565 867 607 Societas
890 564 1052 607 ibidem
1078 564 1364 607 seminarium
1389 565 1589 606 haberet.

287 624 357 676 58.
424 623 596 664 Patauii
627 625 711 664 hoc
740 624 836 678 ipso
864 632 1082 666 autumno
1107 638 1269 665 cursus
1290 623 1451 664 artium
1477 630 1519 665 et
1545 621 1815 675 theologiae,

197 690 350 724 nostro
371 682 414 723 in
439 682 630 735 collegio
653 691 812 736 ceptus
835 692 917 733 est,
945 692 1034 724 tam
1060 682 1426 737 praeceptoribus
1457 695 1589 734 quam
1620 680 1814 734 discipu-

198 741 249 782 lis
277 754 331 782 eo
368 741 615 782 destinatis.
654 741 848 783 Scholae
881 750 1030 784 autem
1064 741 1312 784 litterarum
1341 739 1672 790 humaniorum,
1705 753 1818 792 quae

200 799 442 854 frigebant,
468 799 573 840 inde
597 809 792 841 remotae
814 809 934 843 sunt.

287 868 359 914 59.
424 857 554 901 Senis
582 859 667 899 hoc
696 860 852 900 eodem
878 867 1079 913 tempore
1108 873 1268 900 cursus
1301 857 1461 899 artium
1491 855 1740 909 institutus,
1775 862 1819 898 et

199 918 379 959 scholae
402 916 688 972 gramatiees,
714 932 769 958 ex
788 918 951 971 quibus
970 918 1123 959 minus
1141 931 1273 971 quarn
1304 931 1382 971 par
1411 923 1506 957 erat
1530 917 1702 956 fructus
1729 914 1818 956 col—

199 976 440 1031 ligebatur,
465 976 668 1018 sublatae
689 984 808 1027 sunt,
826 985 869 1018 et
887 977 971 1018 alia
994 977 1212 1030 quaedam
1233 976 1288 1016 ad
1307 974 1635 1018 mendicitatem
1663 988 1818 1027 parurn

199 1036 433 1076 decentem
459 1034 724 1089 pertinentia
747 1035 791 1076 in
816 1036 972 1077 melius
994 1043 1164 1076 mutata
1187 1044 1307 1077 sunt.

289 1094 359 1135 60.
428 1095 602 1135 Domus
625 1094 879 1136 monasterii
900 1096 946 1138 S
955 1100 975 1119 “
992 1094 1146 1148 Vigilii
1174 1093 1204 1113 ¹²
1230 1107 1330 1135 cum
1356 1081 1438 1134 suo
1462 1092 1641 1146 templo,
1665 1090 1706 1131 in
1733 1104 1821 1144 quo

202 1152 343 1194 nostri
381 1166 434 1194 eo
471 1165 612 1205 vsque
641 1163 686 1192 vt
720 1152 925 1207 inquilini
956 1153 1233 1204 habitabant,
1270 1150 1579 1193 consentiente
1612 1149 1821 1214 episcopo

202 1218 484 1266 grossetano,
521 1210 786 1254 auctoritate
819 1212 1043 1266 pontificis
1076 1185 1267 1265 collegio
1301 1217 1454 1251 nostro
1491 1208 1668 1250 senensi
1701 1208 1821 1250 vnita

203 1278 286 1322 est,
320 1277 365 1311 et
394 1269 554 1313 litteris
582 1271 839 1324 apostolicis
871 1286 924 1313 eo
953 1271 1115 1321 missis,
1142 1269 1366 1324 possessio
1394 1275 1523 1323 capta
1552 1281 1704 1309 mense
1732 1268 1819 1308 No·

201 1328 388 1372 uembri.

286 1388 358 1430 61.
423 1388 538 1430 Cum
567 1388 746 1430 ducissa
776 1388 1000 1430 Nuceriae
1038 1389 1219 1429 domum
1250 1386 1529 1442 probationis
1564 1385 1608 1427 in
1638 1386 1821 1428 ciuitate

197 1461 275 1489 sua
299 1445 373 1489 Sfl
394 1446 578 1501 Angeli,
605 1447 840 1502 applicatis
863 1447 903 1488 ei
926 1459 1013 1499 400
1035 1447 1210 1488 ducatis
1233 1445 1394 1487 annuis
1418 1444 1681 1495 redditibus,
1708 1443 1820 1499 erigi

196 1505 413 1560 petiisset,
446 1506 486 1547 ei
515 1520 730 1549 concessa
763 1514 846 1558 est,
882 1507 1057 1548 sublata
1080 1506 1333 1547 scholarum
1367 1503 1594 1546 mentione
1624 1503 1816 1558 penitus;

196 1571 241 1606 et
264 1564 434 1619 primus
458 1575 603 1607 rector
629 1567 677 1608 P.
707 1565 912 1607 Emerius
935 1566 990 1607 de
1015 1565 1152 1607 Bonis
1175 1571 1242 1606 est
1266 1578 1320 1605 eo
1342 1563 1609 1606 destinatus.

284 1624 354 1666 62.
422 1624 537 1665 Cum
562 1637 611 1667 21
641 1624 856 1667 Octobris
879 1638 1103 1665 summum
1135 1623 1391 1677 pontificem
1428 1621 1653 1672 adiissem,
1680 1628 1723 1662 et
1748 1635 1818 1675 pe-

197 1688 334 1725 terem
356 1683 614 1725 facultatem
634 1683 840 1724 mittendi
859 1683 1068 1736 reliquias
1091 1689 1347 1723 sanctorum
1372 1695 1427 1723 ex
1446 1681 1584 1732 Vrbe,
1606 1694 1717 1733 quas
1734 1681 1816 1721 ha-

195 1741 302 1784 bere
327 1755 576 1795 possemus,
602 1757 699 1784 earn
723 1742 912 1783 libenter
941 1756 1042 1783 cum
1067 1755 1146 1782 sua
1173 1739 1490 1783 benedictione
1519 1739 1709 1793 largitus
1731 1745 1816 1781 est.

284 1800 356 1853 63.
422 1801 537 1842 Cum
577 1800 763 1844 Octobri
801 1801 974 1851 eodem,
1009 1801 1059 1841 P.
1103 1799 1368 1842 Franciscus
1402 1799 1633 1850 Adornus,
1670 1797 1820 1839 Brixia

196 1859 423 1910 transiret,
445 1867 489 1900 et
512 1861 631 1914 apud
653 1861 765 1903 S.²²¹¹¹¹
787 1860 1036 1902 Antonium
1061 1859 1321 1908 diuerteret,
1341 1857 1414 1899 vbi
1436 1859 1485 1899 Ρ.
1508 1857 1716 1911 Angelus
1736 1858 1816 1898 Pa-

195 1917 328 1959 radisi
353 1932 453 1959 cum
480 1920 571 1961 fere
596 1932 650 1972 30
673 1919 805 1960 sociis
834 1926 878 1960 et
913 1931 963 1971 14
991 1918 1114 1959 laicis
1149 1918 1225 1972 qui
1257 1917 1320 1958 eis
1349 1915 1657 1958 inseruiebant
1687 1918 1818 1968 (quos

192 1989 348 2018 omnes
372 1978 426 2018 ad
445 1977 684 2020 Societatis
707 1978 905 2029 modum,
933 1977 975 2018 in
1000 1992 1087 2030 qua
1111 1977 1204 2031 ipse
1227 1978 1387 2025 tuerat,
1414 1974 1685 2027 instituerat)
1715 1989 1816 2016 ver-

193 2035 391 2086 sabatur,
418 2044 461 2077 et
485 2037 625 2078 multa
650 2036 720 2090 pia
743 2049 878 2090 opera
901 2037 957 2077 ad
983 2036 1231 2077 animarum
1255 2034 1469 2076 auxilium
1500 2033 1681 2087 ibidem,
1704 2040 1748 2075 et
1771 2032 1816 2075 in

194 2093 277 2135 alia
311 2095 501 2137 ecclesia
535 2109 668 2149 quarn
704 2095 881 2137 Brixiae
910 2095 1041 2135 etiam
1073 2094 1372 2144 obtinuerant,
1408 2093 1695 2142 exercebant,
1729 2099 1817 2133 tam

194 2153 405 2207 Angelus
428 2168 559 2207 quam
585 2154 757 2207 reliqui,
785 2153 859 2207 qui
881 2153 1035 2196 maiori
1058 2168 1113 2195 ex
1137 2160 1260 2206 parte
1282 2152 1554 2202 secerdotes,
1580 2150 1755 2192 diaconi
1774 2157 1817 2192 et

193 2211 460 2253 subdiaconi
485 2220 626 2261 erant,
654 2220 698 2255 et
721 2226 887 2267 genere
910 2212 1100 2263 nobiles,
1127 2211 1343 2254 Societati
1376 2217 1559 2251 nostrae
1587 2224 1635 2251 se
1663 2217 1707 2252 et
1736 2223 1817 2251 sua

193 2270 342 2312 omnia
366 2270 641 2322 obtulerunt;
668 2273 786 2325 quod
809 2285 911 2312 cum
936 2272 990 2312 ad
1014 2271 1271 2324 generalem
1296 2277 1498 2310 nostrum
1529 2268 1814 2318 scriberetur,

193 2343 264 2372 res
288 2330 472 2382 placuit,
499 2337 543 2371 et
566 2330 708 2372 eidem
731 2332 782 2372 P.
805 2330 991 2372 Adorno
1013 2338 1057 2370 vt
1079 2336 1376 2383 exequeretur
1395 2327 1712 2370 demandatum
1732 2332 1815 2369 est.

283 2388 353 2441 64.
421 2388 570 2431 Huius
593 2389 796 2431 autumni
818 2388 959 2439 initio,
986 2402 1056 2429 res
1080 2389 1206 2429 luctu
1230 2395 1274 2429 et
1304 2386 1533 2428 lachrimis
1554 2384 1820 2440 dignissima

194 2445 403 2512 Dilingae
421 2447 598 2489 accidit.
621 2448 817 2502 Quidam
835 2447 953 2489 enim
971 2447 1224 2497 Eduardus,
1247 2445 1429 2487 natione
1447 2445 1627 2500 anglus,
1650 2444 1693 2485 in
1712 2445 1817 2486 hae-

194 2505 280 2547 resi
303 2507 544 2556 enutritus,
570 2521 653 2549 nec
676 2507 732 2547 ab
755 2521 806 2548 ea
831 2506 958 2555 liber,
986 2520 1061 2559 per
1084 2504 1389 2560 hypochrisim
1434 2518 1531 2546 eam
1550 2510 1698 2545 tamen
1723 2502 1818 2543 dili-

192 2572 353 2618 genter
382 2566 572 2617 caelans,
603 2565 648 2607 in
680 2565 909 2619 Superiori
941 2564 1188 2607 Germania
1218 2564 1335 2606 inter
1363 2562 1563 2624 nouitios
1596 2561 1819 2603 admissus

191 2629 235 2664 et
273 2624 385 2665 duos
418 2639 560 2666 annos
593 2624 708 2665 inter
746 2631 923 2665 nostros
958 2631 1176 2676 versatus,
1220 2616 1446 2677 proposita
1490 2619 1817 2676 protestatione

191 2681 295 2723 fidei
318 2683 580 2733 catholicae,
606 2698 703 2726 eam
728 2684 873 2724 facere
896 2681 1136 2732 recusauit,
1162 2689 1206 2722 et
1230 2681 1513 2745 postmodum
1534 2678 1815 2745 Laubingam

191 2740 322 2805 (quae
345 2741 504 2784 ciuitas
526 2741 754 2785 haeretica
775 2741 920 2784 vicina
946 2740 1130 2795 palatini
1160 2740 1394 2781 cuiusdam
1430 2738 1642 2793 principis
1669 2738 1817 2779 luthe-

191 2799 285 2840 rani
315 2801 415 2854 est),
447 2802 554 2843 dum
584 2802 639 2842 ad
675 2799 995 2855 prouincialem
1025 2799 1295 2849 mitteretur,
1334 2797 1529 2852 aufugit,
1564 2805 1608 2838 et
1641 2795 1817 2851 publice

188 2858 454 2901 catholicam
483 2859 760 2914 relligionem
804 2868 847 2901 et
891 2858 1128 2910 Societatis
1171 2865 1350 2899 nostrae
1392 2856 1522 2898 simul
1570 2853 1810 2902 abiurauit;

246 2990 272 3009 ¹²
323 2989 383 3025 Cf.
404 2991 481 3025 vol.
504 2989 532 3033 1,
552 2990 637 3036 650,
657 3002 721 3025 nn.
740 2999 759 3024 2
778 3000 822 3024 ac
841 3000 876 3033 4,
897 2994 937 3023 et
954 2995 1087 3025 annot.
1105 2987 1142 3032 ὃς
1159 2992 1198 3022 et
1217 2986 1328 3029 infra,
1351 2985 1398 3020 ad
1417 2997 1506 3023 ann.
1530 2983 1633 3027 1568,
1654 2995 1691 3020 n.
1711 2986 1769 3026 67.
