1891 3292
514 233 652 268 EplsT.
685 231 857 275 194.—31
889 233 1089 276 JANUARn
1120 231 1208 276 1573
1559 240 1625 275 245

43 342 83 382 10
106 336 220 380 meni
244 349 347 378 seco
370 334 550 388 quando
574 333 703 376 verra
728 335 811 375 alla
840 333 1173 388 congregation
1206 334 1435 387 generale3
1462 332 1491 374 il
1520 333 1603 374 che
1625 346 1672 374 se

43 417 154 470 sara,
179 413 276 455 sara
299 426 324 453 a
347 426 418 454 me
441 425 546 452 cosa
569 411 827 465 gratissima
848 411 878 451 ⁵.
904 411 959 451 Et
984 410 1026 449 10
1043 418 1136 450 star
1159 411 1215 452 V.
1238 411 1286 453 S.
1314 411 1456 454 Illma.
1483 410 1607 451 saida
1628 409 1672 450 in

44 492 163 535 uoler
187 504 246 531 un
270 487 373 529 delli
398 487 488 538 doi,
516 502 606 529 non
631 487 653 529 e
678 487 860 530 diuerso
890 487 1007 527 dalla
1031 486 1118 527 mia
1147 487 1413 537 intentione,
1442 488 1524 528 che
1548 485 1670 528 desi-

44 569 146 611 dero
169 572 213 609 et
237 565 331 606 faro
354 564 462 619 ogni
486 578 637 618 opera,
664 565 746 605 che
770 577 794 604 a
819 577 887 605 me
911 563 945 603 si
971 576 1225 617 conuenga,
1253 564 1411 604 ch⁷ella
1431 577 1486 605 ne
1511 562 1575 604 sia
1597 577 1670 604 so-

43 644 219 686 disfatta
242 648 286 683 et
319 641 503 691 seruita,
541 655 631 682 non
665 641 760 682 solo
794 640 837 681 in
873 646 1049 693 questo,
1088 654 1158 680 ma
1192 639 1236 680 in
1273 640 1528 693 qualunche
1563 641 1673 681 altra

43 735 142 764 cosa
165 734 188 761 a
213 734 281 761 me
306 717 531 773 possibile,
558 731 686 759 corne
711 717 815 758 tutti
839 717 1033 758 douemo
1055 716 1127 757 alli
1147 716 1271 756 molti
1295 717 1502 766 benefici,
1530 724 1573 759 et
1600 716 1674 771 piu

44 797 183 841 anche
210 794 227 819 ¹³
249 795 334 836 alla
358 795 493 836 molta
517 794 747 836 affettione
771 795 854 836 che
880 795 934 835 V.
963 794 1011 836 S.
1038 793 1178 834 Illma.
1206 792 1249 833 in
1277 793 1476 834 Domino
1506 793 1545 834 01
1577 807 1675 847 por-

44 883 99 926 ta;
125 887 149 915 3
171 872 246 926 qui
270 885 345 926 per
369 872 430 912 fin
455 871 571 912 della
594 878 804 926 presente
827 884 968 925 prego
992 870 1064 911 dal
1090 869 1260 924 Signor
1289 869 1397 923 ogni
1428 877 1677 924 augmento

43 952 95 994 de
118 949 224 1005 ogni
248 949 393 1003 gratia
418 963 497 1003 per
520 948 548 989 il
573 949 658 991 ben
694 949 809 990 della
832 957 961 989 santa
994 947 1146 988 chiesa
1179 953 1210 996 0,
1237 953 1282 987 et
1317 946 1615 989 humilrnente
1637 947 1676 988 16

44 1026 168 1069 bacio
190 1027 230 1069 16
253 1025 388 1067 mani.
416 1025 471 1066 Di
497 1026 638 1067 Roma
663 1025 690 1065 li
716 1036 766 1078 31
795 1025 851 1066 de
874 1023 1083 1067 Gennaio
1114 1033 1240 1077 1573.

129 1104 385 1157 Inscriptio,
413 1102 625 1145 Cardinal
653 1103 912 1144 Borromeo.

111 1254 128 1279 b
177 1251 258 1285 Pro
276 1251 428 1285 ultimis
444 1262 581 1285 novem
600 1251 743 1293 verbis,
763 1262 863 1295 quae
883 1249 1053 1284 Polanci
1070 1252 1176 1289 sunt,
1193 1251 1311 1283 antea
1331 1251 1417 1282 erat
1438 1248 1479 1281 in
1499 1259 1587 1281 ms..¹
1607 1247 1679 1281 che

44 1317 141 1346 tutto
159 1312 194 1345 lo
212 1311 327 1347 deuo.
378 1319 441 1337 -0
460 1311 543 1344 Pro
561 1312 692 1345 decem
712 1310 865 1343 ultimis
884 1309 1025 1350 verbis,
1045 1321 1069 1342 α
1091 1308 1266 1342 Polanco
1287 1308 1443 1353 positis,
1463 1310 1566 1341 erat:
1591 1317 1679 1340 con-

46 1376 231 1407 tentezza.

114 1508 126 1528 3
174 1508 246 1542 Die
274 1517 316 1541 zo
345 1507 560 1550 Februarii,
588 1507 743 1541 Parisiis
777 1506 872 1540 dans
905 1506 1054 1540 litteras
1080 1504 1126 1539 ad
1163 1505 1369 1538 Polancum
1399 1503 1611 1537 Balduinus
1631 1503 1681 1537 ab

49 1567 207 1612 Angelo,
234 1567 285 1601 ita
305 1567 407 1602 illius
427 1567 614 1613 epistolae
638 1575 678 1600 12
697 1566 927 1600 Decembris
947 1565 1113 1610 scriptae
1133 1563 1357 1609 respondet:

115 1627 218 1661 «Etsi
247 1626 493 1661 obedientiae
525 1632 681 1661 sanctae
701 1637 788 1660 cum
814 1625 946 1659 debita
971 1624 1233 1658 submissione
1261 1623 1429 1657 libenter
1455 1633 1589 1665 parere
1614 1633 1679 1656 ve-

48 1677 170 1730 limus,
207 1692 335 1720 tamen
377 1697 453 1720 non
488 1685 709 1720 existimaui
748 1684 918 1718 futurum
956 1682 1204 1718 obedientiae
1241 1693 1476 1728 repugnans,
1510 1681 1541 1715 si
1574 1681 1679 1726 prius

49 1744 88 1779 P.
108 1744 315 1779 Robertum
335 1756 410 1779 non
430 1744 667 1779 dimitterem
688 1755 801 1790 quam
818 1743 864 1779 R.
896 1743 940 1777 V.
964 1742 1223 1776 insinuassem
1244 1740 1485 1776 incommoda
1504 1751 1603 1786 quae
1630 1750 1678 1774 ex

47 1803 162 1849 ipsius
181 1803 353 1839 discessu
372 1803 562 1848 accident,
585 1815 660 1838 non
676 1809 824 1838 tantum
847 1801 1091 1837 vniuersitati
1112 1800 1276 1835 afflictae
1297 1800 1525 1844 louaniensi,
1547 1799 1585 1834 in
1605 1810 1680 1845 qua

47 1865 116 1899 hoc
134 1871 304 1910 tempore
323 1865 371 1898 ab
390 1862 571 1898 omnibus
591 1863 708 1898 etiam
728 1863 901 1897 externis
921 1862 1112 1897 iudicatur
1129 1858 1457 1905 pernecessarius,
1476 1859 1545 1893 sed
1561 1859 1680 1893 etiam

48 1923 182 1958 nostris
202 1918 599 1967 fratribus'studiosis‚
621 1934 716 1969 quos
736 1922 811 1956 iam
831 1934 850 1956 a
871 1921 1028 1957 biennio
1048 1921 1086 1955 in
1105 1921 1296 1955 curriculo
1322 1919 1542 1963 theologiae
1568 1918 1679 1952 insti—

49 1983 132 2018 tuit.
152 1983 261 2028 Quae
282 1982 522 2017 incommoda
540 1994 628 2017 cum
649 1984 756 2027 plura
775 1989 892 2028 atque
911 1983 1045 2026 grauia
1065 1981 1156 2024 sint,
1178 1992 1223 2014 ea
1243 1980 1389 2014 Rornae
1409 1979 1530 2012 verbo
1549 1977 1680 2023 potius

47 2053 156 2088 quam
182 2043 323 2088 scripto
350 2043 396 2078 R.
425 2043 466 2076 Ρ.
498 2042 544 2076 V.
573 2041 804 2076 declaranda
829 2041 936 2085 duxi,
965 2041 1131 2074 maxime
1156 2051 1244 2074 cum
1270 2040 1344 2073 iam
1371 2038 1538 2072 Parisios
1558 2048 1680 2083 vsque

48 2112 131 2136 cum
149 2101 279 2136 diuino
296 2101 439 2136 auxilio
458 2102 531 2136 iter
550 2108 723 2136 nostrum
743 2101 865 2135 simus
891 2100 1071 2144 ingressi,
1094 2100 1131 2134 in
1151 2111 1227 2146 quo
1246 2104 1285 2132 et
1314 2099 1408 2133 istas
1434 2098 1565 2132 literas
1590 2096 1680 2131 scri-

48 2161 267 2207 bocupiens
286 2161 534 2196 obedientiae
553 2166 711 2195 sanctae
731 2161 923 2195 voluntati
942 2160 1140 2194 humiliter
1159 2158 1427 2193 satisfacere.»

115 2220 295 2255 Rationes
315 2232 427 2265 porro
446 2220 638 2264 Balduini,
660 2227 725 2254 aut
744 2219 841 2254 aliae
861 2219 1127 2261 difficultates,
1143 2224 1353 2252 vetuerunt
1368 2217 1575 2263 quominus
1595 2215 1682 2249 Bel·

48 2280 225 2314 larminus
244 2279 458 2315 Lovanium
478 2285 569 2314 tunc
587 2279 839 2325 relinqueret.
861 2277 938 2323 Qui
964 2290 1065 2313 anno
1088 2278 1178 2322 1576
1205 2276 1442 2311 valetudinis
1467 2286 1583 2310 causa
1608 2274 1682 2308 Ro-

51 2349 145 2372 mam
162 2338 288 2382 rediit‚
313 2345 351 2374 ut
369 2338 452 2385 ipse
471 2344 613 2374 narrat.
631 2338 730 2372 Vide
745 2336 1009 2381 D6LL1NGER‚
1032 2338 1105 2372 Die
1123 2336 1487 2382 Selbstbiographie
1502 2336 1567 2368 des
1586 2333 1682 2367 Car-

47 2397 176 2432 dinals
196 2399 430 2440 Bellarmin,
454 2397 518 2443 36,·
537 2404 576 2433 et
594 2398 652 2432 LE
674 2399 917 2441 BACHELET‚
938 2397 1167 2432 Bellarmz'n
1198 2399 1321 2431 avant
1339 2407 1408 2429 son
1434 2393 1680 2433 cardinalat,

51 2468 161 2502 pagg.
180 2457 307 2502 76-89‚
332 2467 502 2495 100-101.
