1891 3292
294 211 362 254 642
800 206 987 241 POLANCI
1013 214 1329 241 COMPLEMENTA

244 325 294 353 ac
316 325 364 352 se
387 315 665 358 curaturum,
692 314 738 348 vt
761 305 1001 360 collegium
1025 314 1227 348 nostrum
1251 307 1295 348 in
1314 307 1541 350 meliorem
1565 315 1730 353 statum
1749 315 1858 357 redi-

244 376 377 424 gatur
405 381 538 421 quam
568 380 764 420 vnquam
793 365 943 407 fuerit:
980 371 1024 408 et
1057 365 1179 407 addit
1212 365 1473 408 comitatum
1497 366 1637 415 illum,
1664 370 1720 412 de
1752 373 1860 418 Foix

243 434 569 481 nuncupatum,
595 431 639 467 et
662 424 801 479 ipsius
823 423 1018 466 ciuitatis
1047 424 1264 479 Apamiae
1292 425 1565 479 praecipuos
1595 440 1797 483 quosque
1819 442 1861 476 et

241 485 495 536 nobiliores,
530 484 679 526 adhuc
713 483 847 525 fidem
879 483 1149 525 catholicam
1182 483 1392 536 retinere,
1427 498 1735 541 memoresque
1766 503 1862 536 esse

239 543 470 586 doctrinae
493 556 625 596 quam
648 557 674 584 a
697 542 861 584 nostris
884 549 1167 597 acceperant,
1192 542 1296 585 licet
1314 542 1642 586 haereticorum
1663 548 1861 600 tyranide

240 603 317 645 diu
341 601 543 657 oppressi
567 601 748 644 fuerint.

326 672 399 714 47.
464 662 533 702 De
556 659 748 714 collegio
770 658 904 702 etiam
931 659 1101 712 Pontis,
1126 659 1169 701 in
1195 660 1322 701 Valle
1346 660 1519 715 Telina,
1553 662 1608 703 ab
1632 662 1858 708 Chrisoni'-

239 721 324 762 bus
347 718 547 762 sectariis
571 718 762 774 expulsi,
788 717 1003 773 scriptum
1035 719 1181 760 estad
1210 719 1483 773 generalem,
1516 721 1636 774 quod
1666 721 1726 762 illi
1758 737 1859 777 quo-

240 793 336 822 rum
360 792 495 834 opera
518 778 756 832 expulsum
779 784 861 828 est,
884 779 1019 820 rebus
1042 777 1245 819 aduersis
1268 791 1345 819 eos
1375 779 1660 834 Vrgentibus,
1693 780 1780 823 iam
1809 784 1862 827 de

237 838 397 881 eodem
422 837 682 879 reducendo
704 844 810 878 sunt
833 836 1025 888 solliciti,
1050 844 1094 879 et
1117 837 1237 878 bona
1260 844 1475 891 vsurpata
1498 837 1738 882 restituere
1762 851 1863 885 sunt

242 896 401 952 parati.

327 956 398 1008 48.
465 955 684 998 Curatum
707 961 787 1006 est,
812 961 856 996 et
879 954 1114 996 obtentum
1138 960 1184 994 vt
1202 952 1247 994 in
1268 953 1637 998 vniuersitatibus
1656 971 1746 998 non
1765 973 1859 1013 pro-

242 1021 531 1057 mouerentur
554 1014 609 1055 ad
631 1013 801 1068 gradus
823 1013 952 1066 vllos,
978 1026 1060 1054 nec
1085 1012 1389 1067 professorum
1419 1014 1489 1055 vel
1517 1022 1745 1057 rectorum
1771 1032 1859 1061 mu-

241 1088 348 1116 nere
372 1074 685 1127 fungerentur,
711 1071 796 1113 nisi
820 1071 894 1126 qui
919 1086 998 1126 per
1020 1070 1351 1113 confessionem
1375 1071 1479 1115 fidei
1504 1073 1681 1126 publice
1700 1076 1860 1120 facien--

239 1132 356 1185 dam,
384 1146 430 1174 se
454 1131 700 1173 catholicos
723 1130 1058 1185 profiterentur;
1085 1136 1129 1172 et
1152 1129 1306 1172 literae
1335 1131 1621 1186 apostolicae,
1654 1147 1706 1175 ea
1734 1134 1789 1177 de
1817 1151 1861 1180 re

240 1205 422 1245 quoquo
445 1204 602 1233 versus
625 1189 669 1230 in
694 1189 832 1242 Italia,
856 1198 899 1232 et
922 1196 1047 1231 extra
1070 1203 1167 1231 eam
1191 1195 1296 1230 sunt
1318 1189 1582 1233 destinatae.

327 1262 398 1305 49.
464 1250 513 1290 In
537 1262 728 1303 regnum
751 1248 935 1299 Frisiae,
955 1248 1010 1290 ad
1029 1246 1289 1289 Interiorem
1309 1248 1599 1290 Germaniam
1618 1250 1857 1307 pertinens,

240 1315 284 1350 et
301 1308 564 1351 haeresibus
581 1308 823 1349 admodum
842 1307 1102 1359 obnoxium,
1124 1306 1315 1347 multum
1335 1306 1634 1350 renitentibus
1646 1316 1691 1352 et
1709 1324 1862 1355 omnes

241 1367 334 1409 vias
357 1366 750 1421 praecludentibus
772 1380 905 1420 quam
928 1364 1278 1407 studiossissime
1300 1366 1550 1418 haereticis,
1577 1369 1754 1411 tandem
1785 1370 1861 1413 So-

238 1426 378 1469 cietas
405 1426 626 1480 ingressa,
652 1426 708 1467 ad
735 1424 1062 1467 institutionem
1091 1423 1341 1466 iuuentutis
1369 1426 1570 1467 scholam
1599 1428 1789 1483 aperuit,
1819 1436 1860 1471 et

238 1485 282 1526 in
312 1499 476 1539 magna
505 1484 876 1526 scholasticorum
907 1483 1172 1537 frequentia,
1203 1482 1307 1524 fidei
1335 1497 1387 1525 ac
1411 1498 1583 1526 morum
1607 1500 1760 1528 sanam
1783 1488 1858 1529 do-

239 1543 426 1586 ctrinam
449 1558 552 1585 cum
576 1543 736 1586 litteris
759 1544 933 1585 tradere
962 1543 1096 1596 cepit.

327 1613 396 1656 50.
463 1603 680 1645 Curatum
710 1609 777 1644 est
800 1609 847 1642 vt
876 1601 1113 1643 concilium
1144 1600 1436 1643 tridentinum
1464 1601 1509 1643 in
1533 1603 1756 1646 arabicam
1779 1605 1858 1647 lin-

237 1675 374 1716 guam
410 1676 545 1717 opera
573 1661 712 1702 nostri
741 1660 975 1702 cuiusdam
1007 1660 1254 1702 sacerdotis
1282 1667 1549 1712 verteretur,
1581 1670 1626 1705 et
1654 1670 1702 1704 vt
1734 1671 1857 1719 typo-

236 1721 425 1775 graphia
447 1720 652 1763 arabicae
676 1720 858 1775 linguae
887 1719 1216 1773 institueretur,
1243 1720 1362 1773 quod
1386 1720 1598 1774 pontifice
1620 1722 1860 1767 adiuuante

236 1780 488 1834 perfectum
512 1787 593 1822 est.

324 1848 388 1891 51.
455 1840 629 1880 Domus
652 1837 841 1879 Antonii
865 1836 1020 1879 Altani
1044 1836 1088 1877 in
1113 1838 1300 1879 Murazo
1323 1836 1518 1879 admissa
1541 1847 1624 1888 est,
1652 1846 1700 1881 vt
1729 1840 1860 1884 colle·

234 1897 359 1951 gium
385 1897 445 1938 ibi
468 1897 611 1948 fieret,
637 1897 716 1939 sed
739 1897 783 1937 in
808 1903 1071 1950 sequentem
1095 1911 1263 1938 annum
1287 1896 1494 1940 executio
1517 1896 1653 1939 dilata
1676 1907 1758 1942 est.

323 1966 393 2008 52.
461 1958 617 1999 Mense
647 1955 893 1998 Nouembri
923 1955 1236 1997 serenissimus
1266 1970 1342 1998 rex
1374 1956 1680 2009 Portugalliae
1710 1958 1858 2001 firmos

234 2014 434 2057 redditus
460 2029 536 2068 pro
568 2016 623 2056 60
648 2014 849 2068 personis
874 2015 927 2055 de
956 2014 1182 2056 Societate
1211 2015 1310 2056 Iesu
1334 2014 1546 2069 applicari
1576 2015 1705 2058 iussit
1728 2018 1856 2061 colle-

231 2073 306 2127 gio
339 2073 541 2117 eiusdem
575 2073 814 2117 Societatis
846 2073 889 2114 in
923 2073 1107 2115 ciuitate
1140 2073 1403 2127 Saluatoris,
1437 2073 1699 2128 prouinciae
1734 2078 1856 2119 Bras-

232 2132 371 2174 siliae.

322 2201 392 2244 53.
460 2192 560 2233 Hoc
589 2205 707 2232 anno
736 2205 761 2232 a
789 2191 903 2232 duce
936 2190 1154 2233 Babariae
1182 2203 1209 2242 4
1238 2205 1293 2233 ex
1317 2191 1480 2232 nostris
1504 2206 1583 2246 per
1605 2191 1855 2236 inferiorem

235 2250 486 2300 Babariam,
514 2250 570 2290 ad
589 2249 811 2291 iuuandos
831 2250 1018 2304 populos
1041 2250 1084 2291 in
1107 2249 1354 2303 relligionis
1378 2251 1569 2304 negocio
1592 2251 1731 2304 missi,
1758 2265 1854 2293 cum

232 2309 382 2351 fructu
419 2308 664 2360 redierunt3
700 2323 816 2349 vnus
854 2315 976 2351 certe
1008 2308 1185 2350 illorum
1221 2310 1280 2351 M.
1315 2309 1545 2364 Georgius
1574 2310 1855 2353 Scorrichius

230 2368 324 2410 fere
354 2367 438 2409 tria
467 2368 697 2408 hominum
729 2367 1002 2408 rusticorum
1036 2367 1185 2418 millia,
1218 2369 1273 2410 ad
1302 2368 1523 2422 gremium
1554 2370 1770 2412 ecclesiae
1793 2384 1853 2413 re-

229 2426 373 2478 duxit,
400 2434 444 2468 et
466 2426 552 2468 alia
575 2428 630 2467 ad
657 2427 738 2468 Dei
763 2427 934 2467 cultum
961 2426 1232 2480 pertinentia
1255 2427 1442 2480 egregie
1466 2427 1623 2481 gessit.

319 2495 389 2538 54.
456 2486 551 2528 Sub
589 2486 723 2528 finem
762 2485 897 2526 huius
935 2485 1038 2526 anni
1076 2486 1235 2527 ciuitas
1275 2486 1522 2538 Valentiae,
1563 2494 1606 2528 et
1646 2487 1854 2542 magister

231 2545 488 2586 Montessae
517 2545 607 2598 (qui
637 2543 840 2585 redditus
869 2544 924 2585 ad
948 2544 991 2584 id
1020 2544 1349 2586 ecclesiasticos
1378 2546 1657 2596 conferebat)
1685 2546 1852 2588 vniuer-

228 2601 405 2644 sitatem
428 2617 572 2653 suam,
598 2603 706 2644 satis
734 2603 973 2655 celebrem,
1006 2604 1084 2644 sed
1113 2604 1242 2644 cuius
1271 2603 1505 2658 disciplina
1534 2611 1578 2646 et
1610 2604 1741 2659 vigor
1771 2604 1852 2646 col-

227 2660 313 2702 labi
336 2661 585 2712 videbatur,
612 2661 824 2705 Societati
849 2671 1026 2704 nostrae
1049 2661 1325 2712 obtulerunt,
1352 2670 1395 2703 et
1420 2663 1539 2717 quod
1562 2663 1606 2703 in
1631 2663 1739 2717 ipsis
1758 2663 1850 2717 fuit,

227 2720 464 2775 dederunt,
501 2720 603 2762 licet
623 2720 720 2777 [sic]
746 2727 789 2761 et
814 2720 1104 2774 apostolicam
1137 2720 1503 2774 approbationem
1536 2721 1777 2776 petierunt;
1809 2721 1854 2763 li-

226 2786 296 2821 cet
317 2779 407 2821 vita
437 2781 594 2821 functo
626 2779 877 2833 praeposito
900 2779 1117 2833 generali,
1146 2780 1201 2820 de
1224 2795 1276 2822 ea
1300 2779 1595 2822 Vniuersitate
1619 2781 1852 2823 admitten-

225 2838 281 2879 da
304 2838 413 2879 nihil
437 2838 651 2880 constitui
677 2837 889 2893 potuerit.
