<?xml version="1.0" encoding="UTF-8"?>
<!DOCTYPE html PUBLIC "-//W3C//DTD XHTML 1.0 Transitional//EN"
    "http://www.w3.org/TR/xhtml1/DTD/xhtml1-transitional.dtd">
<html xmlns="http://www.w3.org/1999/xhtml" xml:lang="en" lang="en">
 <head>
  <title>
</title>
<meta http-equiv="Content-Type" content="text/html;charset=utf-8" />
  <meta name='ocr-system' content='tesseract 3.04.00' />
  <meta name='ocr-capabilities' content='ocr_page ocr_carea ocr_par ocr_line ocrx_word'/>
</head>
<body>
  <div class='ocr_page' id='page_1' title='image "./polancicomplemen07pola_0894.png"; bbox 0 0 1891 3292; ppageno 0'>
   <div class='ocr_carea' id='block_1_1' title="bbox 197 190 264 231">
    <p class='ocr_par' dir='ltr' id='par_1_1' title="bbox 197 190 264 231">
     <span class='ocr_line' id='line_1_1' title="bbox 197 190 264 231; baseline 0 -9"><span class='ocrx_word' id='word_1_1' title='bbox 197 190 264 231; x_wconf 87' lang='lat'>872</span> 
     </span>
    </p>
   </div>
   <div class='ocr_carea' id='block_1_2' title="bbox 149 286 941 2919">
    <p class='ocr_par' dir='ltr' id='par_1_2' title="bbox 151 286 925 389">
     <span class='ocr_line' id='line_1_2' title="bbox 151 286 925 331; baseline -0.001 -9"><span class='ocrx_word' id='word_1_2' title='bbox 151 290 306 329; x_wconf 79' lang='lat' dir='ltr'>Decius,</span> <span class='ocrx_word' id='word_1_3' title='bbox 328 287 366 321; x_wconf 87' lang='lat' dir='ltr'>S.</span> <span class='ocrx_word' id='word_1_4' title='bbox 390 288 440 331; x_wconf 84' lang='lat' dir='ltr'>J.,</span> <span class='ocrx_word' id='word_1_5' title='bbox 462 286 508 320; x_wconf 88' lang='lat' dir='ltr'>ad</span> <span class='ocrx_word' id='word_1_6' title='bbox 527 288 613 322; x_wconf 88' lang='lat' dir='ltr'>coll.</span> <span class='ocrx_word' id='word_1_7' title='bbox 640 298 837 321; x_wconf 88' lang='lat' dir='ltr'>romanum</span> <span class='ocrx_word' id='word_1_8' title='bbox 863 299 925 321; x_wconf 85' lang='lat' dir='ltr'>ve-</span> 
     </span>
     <span class='ocr_line' id='line_1_3' title="bbox 196 344 366 389; baseline -0.012 -10"><span class='ocrx_word' id='word_1_9' title='bbox 196 344 264 389; x_wconf 83' lang='lat' dir='ltr'>nit,</span> <span class='ocrx_word' id='word_1_10' title='bbox 285 346 366 387; x_wconf 82' lang='lat'><strong>632.</strong></span> 
     </span>
    </p>

    <p class='ocr_par' dir='ltr' id='par_1_3' title="bbox 150 404 587 448">
     <span class='ocr_line' id='line_1_4' title="bbox 150 404 587 448; baseline -0.005 -10"><span class='ocrx_word' id='word_1_11' title='bbox 150 405 357 445; x_wconf 77' lang='lat' dir='ltr'>Deliciosa‚</span> <span class='ocrx_word' id='word_1_12' title='bbox 380 415 484 448; x_wconf 86' lang='lat' dir='ltr'>opp.,</span> <span class='ocrx_word' id='word_1_13' title='bbox 506 404 587 446; x_wconf 83' lang='grc'>841.</span> 
     </span>
    </p>

    <p class='ocr_par' dir='ltr' id='par_1_4' title="bbox 149 463 924 507">
     <span class='ocr_line' id='line_1_5' title="bbox 149 463 924 507; baseline 0.001 -12"><span class='ocrx_word' id='word_1_14' title='bbox 149 463 407 507; x_wconf 86' lang='lat' dir='ltr'>Delphinatus</span> <span class='ocrx_word' id='word_1_15' title='bbox 431 463 684 506; x_wconf 81' lang='lat' dir='ltr'>(Dauphine),</span> <span class='ocrx_word' id='word_1_16' title='bbox 712 474 817 506; x_wconf 87' lang='lat' dir='ltr'>reg.,</span> <span class='ocrx_word' id='word_1_17' title='bbox 842 463 924 505; x_wconf 86' lang='grc'>664.</span> 
     </span>
    </p>

    <p class='ocr_par' dir='ltr' id='par_1_5' title="bbox 150 521 927 623">
     <span class='ocr_line' id='line_1_6' title="bbox 150 521 927 563; baseline 0 -8"><span class='ocrx_word' id='word_1_18' title='bbox 150 522 286 563; x_wconf 86' lang='lat' dir='ltr'>Denia,</span> <span class='ocrx_word' id='word_1_19' title='bbox 316 522 483 554; x_wconf 88' lang='lat' dir='ltr'>marchio</span> <span class='ocrx_word' id='word_1_20' title='bbox 509 521 571 563; x_wconf 87' lang='lat' dir='ltr'>de,</span> <span class='ocrx_word' id='word_1_21' title='bbox 604 533 639 556; x_wconf 79' lang='lat' dir='ltr'>v,</span> <span class='ocrx_word' id='word_1_22' title='bbox 669 522 860 555; x_wconf 86' lang='lat' dir='ltr'>Sandoval</span> <span class='ocrx_word' id='word_1_23' title='bbox 889 527 927 555; x_wconf 93' lang='lat' dir='ltr'>et</span> 
     </span>
     <span class='ocr_line' id='line_1_7' title="bbox 196 579 326 623; baseline 0.008 -11"><span class='ocrx_word' id='word_1_24' title='bbox 196 579 326 623; x_wconf 86' lang='lat' dir='ltr'>Rojas.</span> 
     </span>
    </p>

    <p class='ocr_par' dir='ltr' id='par_1_6' title="bbox 150 637 929 739">
     <span class='ocr_line' id='line_1_8' title="bbox 150 637 929 682; baseline 0.003 -12"><span class='ocrx_word' id='word_1_25' title='bbox 150 637 285 680; x_wconf 88' lang='lat' dir='ltr'>Denis,</span> <span class='ocrx_word' id='word_1_26' title='bbox 319 637 599 681; x_wconf 83' lang='lat' dir='ltr'>Gundisalvus,</span> <span class='ocrx_word' id='word_1_27' title='bbox 628 638 666 673; x_wconf 87' lang='lat' dir='ltr'><strong>S.</strong></span> <span class='ocrx_word' id='word_1_28' title='bbox 694 638 741 682; x_wconf 90' lang='lat' dir='ltr'>J.,</span> <span class='ocrx_word' id='word_1_29' title='bbox 777 637 929 682; x_wconf 87' lang='lat' dir='ltr'>adjutor</span> 
     </span>
     <span class='ocr_line' id='line_1_9' title="bbox 195 696 548 739; baseline 0 -10"><span class='ocrx_word' id='word_1_30' title='bbox 195 696 447 739; x_wconf 86' lang='lat' dir='ltr'>domesticus,</span> <span class='ocrx_word' id='word_1_31' title='bbox 464 703 548 738; x_wconf 88' lang='lat'><strong>702.</strong></span> 
     </span>
    </p>

    <p class='ocr_par' dir='ltr' id='par_1_7' title="bbox 150 755 668 800">
     <span class='ocr_line' id='line_1_10' title="bbox 150 755 668 800; baseline 0.004 -12"><span class='ocrx_word' id='word_1_32' title='bbox 150 755 344 799; x_wconf 85' lang='lat' dir='ltr'>Depanse,</span> <span class='ocrx_word' id='word_1_33' title='bbox 368 766 403 790; x_wconf 83' lang='lat' dir='ltr'>v,</span> <span class='ocrx_word' id='word_1_34' title='bbox 425 755 668 800; x_wconf 85' lang='lat' dir='ltr'>D’Espence.</span> 
     </span>
    </p>

    <p class='ocr_par' dir='ltr' id='par_1_8' title="bbox 149 814 614 858">
     <span class='ocr_line' id='line_1_11' title="bbox 149 814 614 858; baseline 0.002 -11"><span class='ocrx_word' id='word_1_35' title='bbox 149 815 335 858; x_wconf 89' lang='lat' dir='ltr'>Deplans,</span> <span class='ocrx_word' id='word_1_36' title='bbox 358 814 510 857; x_wconf 82' lang='lat' dir='ltr'>Petrus,</span> <span class='ocrx_word' id='word_1_37' title='bbox 533 824 614 858; x_wconf 82' lang='lat'><strong>290.</strong></span> 
     </span>
    </p>

    <p class='ocr_par' dir='ltr' id='par_1_9' title="bbox 149 873 930 974">
     <span class='ocr_line' id='line_1_12' title="bbox 149 873 930 918; baseline 0.003 -12"><span class='ocrx_word' id='word_1_38' title='bbox 149 873 336 916; x_wconf 89' lang='lat' dir='ltr'>Deposita</span> <span class='ocrx_word' id='word_1_39' title='bbox 358 874 620 917; x_wconf 81' lang='lat' dir='ltr'>pecuniarum,</span> <span class='ocrx_word' id='word_1_40' title='bbox 647 873 858 918; x_wconf 87' lang='lat' dir='ltr'>disputatio</span> <span class='ocrx_word' id='word_1_41' title='bbox 882 873 930 908; x_wconf 87' lang='lat' dir='ltr'>de</span> 
     </span>
     <span class='ocr_line' id='line_1_13' title="bbox 197 932 375 974; baseline 0 -9"><span class='ocrx_word' id='word_1_42' title='bbox 197 932 267 974; x_wconf 85' lang='lat' dir='ltr'>eis,</span> <span class='ocrx_word' id='word_1_43' title='bbox 288 934 375 974; x_wconf 90' lang='grc'>675.</span> 
     </span>
    </p>

    <p class='ocr_par' dir='ltr' id='par_1_10' title="bbox 150 990 927 1036">
     <span class='ocr_line' id='line_1_14' title="bbox 150 990 927 1036; baseline 0.001 -13"><span class='ocrx_word' id='word_1_44' title='bbox 150 990 390 1035; x_wconf 86' lang='lat' dir='ltr'>Desiderius,</span> <span class='ocrx_word' id='word_1_45' title='bbox 409 991 448 1025; x_wconf 87' lang='lat' dir='ltr'>S.</span> <span class='ocrx_word' id='word_1_46' title='bbox 461 991 511 1034; x_wconf 86' lang='lat' dir='ltr'>J.,</span> <span class='ocrx_word' id='word_1_47' title='bbox 533 991 703 1025; x_wconf 89' lang='lat' dir='ltr'>Siciliam</span> <span class='ocrx_word' id='word_1_48' title='bbox 722 991 832 1036; x_wconf 89' lang='lat' dir='ltr'>petit,</span> <span class='ocrx_word' id='word_1_49' title='bbox 848 1000 927 1035; x_wconf 81' lang='grc'>577.</span> 
     </span>
    </p>

    <p class='ocr_par' dir='ltr' id='par_1_11' title="bbox 152 1049 931 1209">
     <span class='ocr_line' id='line_1_15' title="bbox 152 1049 930 1094; baseline 0.003 -13"><span class='ocrx_word' id='word_1_50' title='bbox 152 1049 380 1093; x_wconf 85' lang='lat' dir='ltr'>D&#39;Espence</span> <span class='ocrx_word' id='word_1_51' title='bbox 413 1049 465 1090; x_wconf 79' lang='lat' dir='ltr'>(in</span> <span class='ocrx_word' id='word_1_52' title='bbox 497 1056 607 1083; x_wconf 84' lang='lat' dir='ltr'>textu</span> <span class='ocrx_word' id='word_1_53' title='bbox 649 1051 859 1094; x_wconf 85' lang='lat' dir='ltr'>Depansa&#39;),</span> <span class='ocrx_word' id='word_1_54' title='bbox 893 1050 930 1083; x_wconf 89' lang='lat' dir='ltr'>in</span> 
     </span>
     <span class='ocr_line' id='line_1_16' title="bbox 197 1109 931 1154; baseline 0.001 -13"><span class='ocrx_word' id='word_1_55' title='bbox 197 1109 390 1153; x_wconf 87' lang='lat' dir='ltr'>colloquio</span> <span class='ocrx_word' id='word_1_56' title='bbox 406 1109 452 1142; x_wconf 86' lang='lat' dir='ltr'>ad</span> <span class='ocrx_word' id='word_1_57' title='bbox 468 1109 605 1154; x_wconf 85' lang='lat' dir='ltr'>Poissy</span> <span class='ocrx_word' id='word_1_58' title='bbox 621 1110 834 1143; x_wconf 88' lang='lat' dir='ltr'>catholicus</span> <span class='ocrx_word' id='word_1_59' title='bbox 853 1121 931 1143; x_wconf 86' lang='lat' dir='ltr'>ora-</span> 
     </span>
     <span class='ocr_line' id='line_1_17' title="bbox 199 1166 373 1209; baseline 0 -9"><span class='ocrx_word' id='word_1_60' title='bbox 199 1172 271 1207; x_wconf 87' lang='lat' dir='ltr'>tor,</span> <span class='ocrx_word' id='word_1_61' title='bbox 291 1166 373 1209; x_wconf 80' lang='lat'><strong>843.</strong></span> 
     </span>
    </p>

    <p class='ocr_par' dir='ltr' id='par_1_12' title="bbox 151 1224 932 1388">
     <span class='ocr_line' id='line_1_18' title="bbox 151 1224 932 1269; baseline 0.001 -11"><span class='ocrx_word' id='word_1_62' title='bbox 151 1224 287 1260; x_wconf 87' lang='lat' dir='ltr'>DEUS</span> <span class='ocrx_word' id='word_1_63' title='bbox 302 1225 612 1269; x_wconf 80' lang='lat' dir='ltr'>cognoscendus,</span> <span class='ocrx_word' id='word_1_64' title='bbox 632 1226 829 1267; x_wconf 90' lang='lat' dir='ltr'>amandus,</span> <span class='ocrx_word' id='word_1_65' title='bbox 846 1233 932 1268; x_wconf 73' lang='grc'>744-</span> 
     </span>
     <span class='ocr_line' id='line_1_19' title="bbox 195 1284 929 1330; baseline 0.001 -13"><span class='ocrx_word' id='word_1_66' title='bbox 195 1292 275 1329; x_wconf 77' lang='grc'>745,</span> <span class='ocrx_word' id='word_1_67' title='bbox 305 1285 339 1317; x_wconf 81' lang='lat' dir='ltr'>ei</span> <span class='ocrx_word' id='word_1_68' title='bbox 366 1284 625 1318; x_wconf 86' lang='lat' dir='ltr'>obediendum</span> <span class='ocrx_word' id='word_1_69' title='bbox 659 1285 786 1329; x_wconf 90' lang='lat' dir='ltr'>potius</span> <span class='ocrx_word' id='word_1_70' title='bbox 816 1296 929 1330; x_wconf 88' lang='lat' dir='ltr'>quam</span> 
     </span>
     <span class='ocr_line' id='line_1_20' title="bbox 198 1343 721 1388; baseline 0 -12"><span class='ocrx_word' id='word_1_71' title='bbox 198 1343 435 1388; x_wconf 82' lang='lat' dir='ltr'>parentibus,</span> <span class='ocrx_word' id='word_1_72' title='bbox 456 1343 625 1386; x_wconf 85' lang='grc'>816-818,</span> <span class='ocrx_word' id='word_1_73' title='bbox 648 1350 721 1378; x_wconf 88' lang='lat' dir='ltr'>etc.</span> 
     </span>
    </p>

    <p class='ocr_par' dir='ltr' id='par_1_13' title="bbox 150 1403 932 1505">
     <span class='ocr_line' id='line_1_21' title="bbox 150 1403 932 1449; baseline 0.004 -14"><span class='ocrx_word' id='word_1_74' title='bbox 150 1403 401 1436; x_wconf 78' lang='lat' dir='ltr'>Deux-Ponts</span> <span class='ocrx_word' id='word_1_75' title='bbox 450 1403 666 1449; x_wconf 85' lang='lat' dir='ltr'>(Duiponti‚</span> <span class='ocrx_word' id='word_1_76' title='bbox 707 1404 932 1440; x_wconf 80' lang='lat' dir='ltr'>Zweibriic-</span> 
     </span>
     <span class='ocr_line' id='line_1_22' title="bbox 199 1461 499 1505; baseline 0.003 -10"><span class='ocrx_word' id='word_1_77' title='bbox 199 1462 306 1505; x_wconf 88' lang='lat' dir='ltr'>ken),</span> <span class='ocrx_word' id='word_1_78' title='bbox 326 1461 418 1505; x_wconf 84' lang='lat' dir='ltr'>dux,</span> <span class='ocrx_word' id='word_1_79' title='bbox 439 1463 499 1496; x_wconf 97' lang='grc'>61.</span> 
     </span>
    </p>

    <p class='ocr_par' dir='ltr' id='par_1_14' title="bbox 151 1519 929 1623">
     <span class='ocr_line' id='line_1_23' title="bbox 151 1519 929 1566; baseline 0.003 -12"><span class='ocrx_word' id='word_1_80' title='bbox 151 1521 199 1554; x_wconf 95' lang='lat' dir='ltr'>Di</span> <span class='ocrx_word' id='word_1_81' title='bbox 220 1520 350 1554; x_wconf 85' lang='lat' dir='ltr'>Pietro</span> <span class='ocrx_word' id='word_1_82' title='bbox 371 1519 428 1563; x_wconf 67' lang='grc' dir='ltr'>(Ρ),</span> <span class='ocrx_word' id='word_1_83' title='bbox 448 1521 598 1563; x_wconf 89' lang='lat' dir='ltr'>Petrus,</span> <span class='ocrx_word' id='word_1_84' title='bbox 617 1521 656 1554; x_wconf 91' lang='lat' dir='ltr'>S.</span> <span class='ocrx_word' id='word_1_85' title='bbox 673 1520 728 1566; x_wconf 87' lang='lat' dir='ltr'>J.,</span> <span class='ocrx_word' id='word_1_86' title='bbox 745 1529 849 1556; x_wconf 88' lang='lat' dir='ltr'>turca</span> <span class='ocrx_word' id='word_1_87' title='bbox 868 1522 929 1565; x_wconf 46' lang='grc' dir='ltr'>(Γ,</span> 
     </span>
     <span class='ocr_line' id='line_1_24' title="bbox 199 1578 788 1623; baseline 0.003 -11"><span class='ocrx_word' id='word_1_88' title='bbox 199 1579 365 1613; x_wconf 88' lang='lat' dir='ltr'>Laureto</span> <span class='ocrx_word' id='word_1_89' title='bbox 385 1580 544 1613; x_wconf 87' lang='lat' dir='ltr'>Romam</span> <span class='ocrx_word' id='word_1_90' title='bbox 565 1581 684 1623; x_wconf 79' lang='lat' dir='ltr'>venit,</span> <span class='ocrx_word' id='word_1_91' title='bbox 707 1578 788 1623; x_wconf 88' lang='grc'>585.</span> 
     </span>
    </p>

    <p class='ocr_par' dir='ltr' id='par_1_15' title="bbox 156 1638 930 1740">
     <span class='ocr_line' id='line_1_25' title="bbox 156 1638 930 1683; baseline 0.004 -12"><span class='ocrx_word' id='word_1_92' title='bbox 156 1638 343 1672; x_wconf 87' lang='lat' dir='ltr'>Diabolus</span> <span class='ocrx_word' id='word_1_93' title='bbox 387 1638 424 1671; x_wconf 90' lang='lat' dir='ltr'>in</span> <span class='ocrx_word' id='word_1_94' title='bbox 466 1640 688 1683; x_wconf 78' lang='lat' dir='ltr'>spectaculo</span> <span class='ocrx_word' id='word_1_95' title='bbox 731 1639 930 1683; x_wconf 86' lang='lat' dir='ltr'>figuratus,</span> 
     </span>
     <span class='ocr_line' id='line_1_26' title="bbox 207 1695 650 1740; baseline 0.002 -10"><span class='ocrx_word' id='word_1_96' title='bbox 207 1706 288 1740; x_wconf 82' lang='grc'>592,</span> <span class='ocrx_word' id='word_1_97' title='bbox 312 1708 347 1732; x_wconf 86' lang='lat' dir='ltr'><strong>V.</strong></span> <span class='ocrx_word' id='word_1_98' title='bbox 368 1695 554 1740; x_wconf 65' lang='lat' dir='ltr'>Obsessa,</span> <span class='ocrx_word' id='word_1_99' title='bbox 577 1703 650 1731; x_wconf 87' lang='lat' dir='ltr'>etc.</span> 
     </span>
    </p>

    <p class='ocr_par' dir='ltr' id='par_1_16' title="bbox 154 1756 932 1856">
     <span class='ocr_line' id='line_1_27' title="bbox 154 1756 932 1801; baseline 0.003 -12"><span class='ocrx_word' id='word_1_100' title='bbox 154 1756 384 1799; x_wconf 87' lang='lat' dir='ltr'>Dialectica,</span> <span class='ocrx_word' id='word_1_101' title='bbox 400 1756 591 1801; x_wconf 87' lang='lat' dir='ltr'>quomodo</span> <span class='ocrx_word' id='word_1_102' title='bbox 610 1756 814 1790; x_wconf 82' lang='lat' dir='ltr'>doceretur</span> <span class='ocrx_word' id='word_1_103' title='bbox 841 1757 932 1791; x_wconf 81' lang='lat' dir='ltr'>olim</span> 
     </span>
     <span class='ocr_line' id='line_1_28' title="bbox 201 1814 642 1856; baseline 0.005 -9"><span class='ocrx_word' id='word_1_104' title='bbox 201 1814 238 1848; x_wconf 90' lang='lat' dir='ltr'>in</span> <span class='ocrx_word' id='word_1_105' title='bbox 258 1814 346 1848; x_wconf 93' lang='lat' dir='ltr'>coll.</span> <span class='ocrx_word' id='word_1_106' title='bbox 368 1825 537 1856; x_wconf 87' lang='lat' dir='ltr'>romano,</span> <span class='ocrx_word' id='word_1_107' title='bbox 560 1815 642 1849; x_wconf 90' lang='grc'>606.</span> 
     </span>
    </p>

    <p class='ocr_par' dir='ltr' id='par_1_17' title="bbox 154 1873 934 2154">
     <span class='ocr_line' id='line_1_29' title="bbox 154 1873 930 1918; baseline 0.003 -12"><span class='ocrx_word' id='word_1_108' title='bbox 154 1873 355 1917; x_wconf 77' lang='lat' dir='ltr'>Dialogus,</span> <span class='ocrx_word' id='word_1_109' title='bbox 388 1879 495 1906; x_wconf 87' lang='lat' dir='ltr'>actus</span> <span class='ocrx_word' id='word_1_110' title='bbox 516 1874 552 1907; x_wconf 91' lang='lat' dir='ltr'>in</span> <span class='ocrx_word' id='word_1_111' title='bbox 579 1874 669 1907; x_wconf 91' lang='lat' dir='ltr'>coll.</span> <span class='ocrx_word' id='word_1_112' title='bbox 694 1874 930 1918; x_wconf 88' lang='lat' dir='ltr'>germanico,</span> 
     </span>
     <span class='ocr_line' id='line_1_30' title="bbox 205 1933 932 1977; baseline 0.004 -12"><span class='ocrx_word' id='word_1_113' title='bbox 205 1941 259 1975; x_wconf 82' lang='grc'>14,</span> <span class='ocrx_word' id='word_1_114' title='bbox 284 1940 361 1975; x_wconf 87' lang='grc'>129,</span> <span class='ocrx_word' id='word_1_115' title='bbox 389 1933 485 1966; x_wconf 88' lang='lat' dir='ltr'>alius</span> <span class='ocrx_word' id='word_1_116' title='bbox 505 1933 541 1966; x_wconf 93' lang='lat' dir='ltr'>in</span> <span class='ocrx_word' id='word_1_117' title='bbox 570 1935 739 1977; x_wconf 87' lang='lat' dir='ltr'>senensi,</span> <span class='ocrx_word' id='word_1_118' title='bbox 768 1943 849 1977; x_wconf 81' lang='grc'>209,</span> <span class='ocrx_word' id='word_1_119' title='bbox 869 1934 932 1968; x_wconf 88' lang='lat' dir='ltr'>alii</span> 
     </span>
     <span class='ocr_line' id='line_1_31' title="bbox 202 1991 931 2037; baseline 0.003 -13"><span class='ocrx_word' id='word_1_120' title='bbox 202 1992 360 2034; x_wconf 85' lang='lat' dir='ltr'>Rornae,</span> <span class='ocrx_word' id='word_1_121' title='bbox 398 1992 477 2034; x_wconf 86' lang='grc'>582,</span> <span class='ocrx_word' id='word_1_122' title='bbox 523 1993 606 2035; x_wconf 89' lang='grc'>610,</span> <span class='ocrx_word' id='word_1_123' title='bbox 643 1992 725 2035; x_wconf 79' lang='grc'>626,</span> <span class='ocrx_word' id='word_1_124' title='bbox 761 1991 931 2037; x_wconf 79' lang='grc'>634-635,</span> 
     </span>
     <span class='ocr_line' id='line_1_32' title="bbox 200 2050 934 2097; baseline 0.003 -12"><span class='ocrx_word' id='word_1_125' title='bbox 200 2050 281 2095; x_wconf 81' lang='grc'>639,</span> <span class='ocrx_word' id='word_1_126' title='bbox 304 2052 388 2090; x_wconf 87' lang='lat' dir='ltr'>sine</span> <span class='ocrx_word' id='word_1_127' title='bbox 416 2051 528 2085; x_wconf 88' lang='lat' dir='ltr'>venia</span> <span class='ocrx_word' id='word_1_128' title='bbox 555 2052 761 2096; x_wconf 79' lang='lat' dir='ltr'>praepositi</span> <span class='ocrx_word' id='word_1_129' title='bbox 782 2054 934 2097; x_wconf 89' lang='lat' dir='ltr'>provin-</span> 
     </span>
     <span class='ocr_line' id='line_1_33' title="bbox 201 2109 733 2154; baseline 0.008 -12"><span class='ocrx_word' id='word_1_130' title='bbox 201 2110 310 2143; x_wconf 86' lang='lat' dir='ltr'>cialis</span> <span class='ocrx_word' id='word_1_131' title='bbox 330 2118 404 2143; x_wconf 88' lang='lat' dir='ltr'>non</span> <span class='ocrx_word' id='word_1_132' title='bbox 424 2109 626 2151; x_wconf 88' lang='lat' dir='ltr'>recitandi,</span> <span class='ocrx_word' id='word_1_133' title='bbox 653 2120 733 2154; x_wconf 84' lang='grc'>555.</span> 
     </span>
    </p>

    <p class='ocr_par' dir='ltr' id='par_1_18' title="bbox 155 2168 932 2271">
     <span class='ocr_line' id='line_1_34' title="bbox 155 2168 932 2214; baseline 0.004 -12"><span class='ocrx_word' id='word_1_134' title='bbox 155 2168 341 2211; x_wconf 85' lang='lat' dir='ltr'>Didacus,</span> <span class='ocrx_word' id='word_1_135' title='bbox 370 2169 408 2203; x_wconf 93' lang='lat' dir='ltr'>S.</span> <span class='ocrx_word' id='word_1_136' title='bbox 431 2170 483 2213; x_wconf 83' lang='lat' dir='ltr'>J.,</span> <span class='ocrx_word' id='word_1_137' title='bbox 504 2168 654 2213; x_wconf 90' lang='lat' dir='ltr'>adjutor</span> <span class='ocrx_word' id='word_1_138' title='bbox 681 2169 932 2214; x_wconf 88' lang='lat' dir='ltr'>domesticus,</span> 
     </span>
     <span class='ocr_line' id='line_1_35' title="bbox 206 2235 284 2271; baseline 0.013 -10"><span class='ocrx_word' id='word_1_139' title='bbox 206 2235 284 2271; x_wconf 88' lang='lat'>119.</span> 
     </span>
    </p>

    <p class='ocr_par' dir='ltr' id='par_1_19' title="bbox 158 2284 733 2330">
     <span class='ocr_line' id='line_1_36' title="bbox 158 2284 733 2330; baseline 0.003 -12"><span class='ocrx_word' id='word_1_140' title='bbox 158 2285 243 2319; x_wconf 87' lang='lat' dir='ltr'><strong>—S.</strong></span> <span class='ocrx_word' id='word_1_141' title='bbox 269 2286 320 2329; x_wconf 86' lang='lat' dir='ltr'>J.,</span> <span class='ocrx_word' id='word_1_142' title='bbox 338 2284 467 2330; x_wconf 91' lang='lat' dir='ltr'>junior</span> <span class='ocrx_word' id='word_1_143' title='bbox 486 2284 629 2329; x_wconf 87' lang='lat' dir='ltr'>dietus,</span> <span class='ocrx_word' id='word_1_144' title='bbox 651 2289 733 2330; x_wconf 77' lang='grc'>580.</span> 
     </span>
    </p>

    <p class='ocr_par' dir='ltr' id='par_1_20' title="bbox 156 2343 792 2390">
     <span class='ocr_line' id='line_1_37' title="bbox 156 2343 792 2390; baseline 0.003 -13"><span class='ocrx_word' id='word_1_145' title='bbox 156 2343 319 2378; x_wconf 88' lang='lat' dir='ltr'>—frater</span> <span class='ocrx_word' id='word_1_146' title='bbox 337 2345 537 2378; x_wconf 88' lang='lat' dir='ltr'>castellani</span> <span class='ocrx_word' id='word_1_147' title='bbox 554 2345 691 2390; x_wconf 78' lang='lat' dir='ltr'>Neap,</span> <span class='ocrx_word' id='word_1_148' title='bbox 711 2345 792 2385; x_wconf 80' lang='grc'>314.</span> 
     </span>
    </p>

    <p class='ocr_par' dir='ltr' id='par_1_21' title="bbox 156 2403 722 2448">
     <span class='ocr_line' id='line_1_38' title="bbox 156 2403 722 2448; baseline 0.005 -12"><span class='ocrx_word' id='word_1_149' title='bbox 156 2414 240 2436; x_wconf 90' lang='lat' dir='ltr'><strong>—v.</strong></span> <span class='ocrx_word' id='word_1_150' title='bbox 264 2403 399 2447; x_wconf 69' lang='lat' dir='ltr'>Eguia,</span> <span class='ocrx_word' id='word_1_151' title='bbox 422 2415 457 2437; x_wconf 90' lang='lat' dir='ltr'><strong>v.</strong></span> <span class='ocrx_word' id='word_1_152' title='bbox 480 2411 517 2436; x_wconf 88' lang='lat' dir='ltr'>et</span> <span class='ocrx_word' id='word_1_153' title='bbox 538 2404 722 2448; x_wconf 77' lang='lat' dir='ltr'>jacobus,</span> 
     </span>
    </p>

    <p class='ocr_par' dir='ltr' id='par_1_22' title="bbox 155 2461 735 2508">
     <span class='ocr_line' id='line_1_39' title="bbox 155 2461 735 2508; baseline 0.003 -13"><span class='ocrx_word' id='word_1_154' title='bbox 155 2462 267 2505; x_wconf 86' lang='lat' dir='ltr'>Diez,</span> <span class='ocrx_word' id='word_1_155' title='bbox 290 2462 503 2505; x_wconf 86' lang='lat' dir='ltr'>Baithasar,</span> <span class='ocrx_word' id='word_1_156' title='bbox 526 2461 564 2497; x_wconf 92' lang='lat' dir='ltr'><strong>S.</strong></span> <span class='ocrx_word' id='word_1_157' title='bbox 581 2462 635 2508; x_wconf 87' lang='lat' dir='ltr'>J.,</span> <span class='ocrx_word' id='word_1_158' title='bbox 651 2466 735 2505; x_wconf 89' lang='grc'>651.</span> 
     </span>
    </p>

    <p class='ocr_par' dir='ltr' id='par_1_23' title="bbox 159 2519 889 2565">
     <span class='ocr_line' id='line_1_40' title="bbox 159 2519 889 2565; baseline 0.001 -11"><span class='ocrx_word' id='word_1_159' title='bbox 159 2520 281 2563; x_wconf 82' lang='lat' dir='ltr'>Digiti</span> <span class='ocrx_word' id='word_1_160' title='bbox 301 2519 542 2554; x_wconf 77' lang='lat' dir='ltr'>sacerdotum</span> <span class='ocrx_word' id='word_1_161' title='bbox 557 2522 784 2565; x_wconf 89' lang='lat' dir='ltr'>consecrati,</span> <span class='ocrx_word' id='word_1_162' title='bbox 807 2522 889 2556; x_wconf 85' lang='lat'><strong>621.</strong></span> 
     </span>
    </p>

    <p class='ocr_par' dir='ltr' id='par_1_24' title="bbox 158 2578 938 2742">
     <span class='ocr_line' id='line_1_41' title="bbox 158 2578 937 2624; baseline 0.004 -13"><span class='ocrx_word' id='word_1_163' title='bbox 158 2578 340 2622; x_wconf 87' lang='lat' dir='ltr'>Dignitas</span> <span class='ocrx_word' id='word_1_164' title='bbox 370 2579 407 2612; x_wconf 91' lang='lat' dir='ltr'>in</span> <span class='ocrx_word' id='word_1_165' title='bbox 433 2579 472 2616; x_wconf 90' lang='lat' dir='ltr'>S.</span> <span class='ocrx_word' id='word_1_166' title='bbox 500 2580 536 2624; x_wconf 88' lang='lat' dir='ltr'>J.</span> <span class='ocrx_word' id='word_1_167' title='bbox 567 2580 723 2614; x_wconf 90' lang='lat' dir='ltr'>minime</span> <span class='ocrx_word' id='word_1_168' title='bbox 754 2587 937 2624; x_wconf 87' lang='lat' dir='ltr'>exoptan-</span> 
     </span>
     <span class='ocr_line' id='line_1_42' title="bbox 208 2636 938 2683; baseline 0.003 -13"><span class='ocrx_word' id='word_1_169' title='bbox 208 2636 268 2679; x_wconf 92' lang='lat' dir='ltr'>da,</span> <span class='ocrx_word' id='word_1_170' title='bbox 302 2646 341 2680; x_wconf 86' lang='grc' dir='ltr'>Χ,</span> <span class='ocrx_word' id='word_1_171' title='bbox 374 2648 445 2671; x_wconf 90' lang='lat' dir='ltr'>nec</span> <span class='ocrx_word' id='word_1_172' title='bbox 475 2638 708 2683; x_wconf 85' lang='lat' dir='ltr'>quaerenda,</span> <span class='ocrx_word' id='word_1_173' title='bbox 739 2646 822 2682; x_wconf 91' lang='lat'>770,</span> <span class='ocrx_word' id='word_1_174' title='bbox 855 2639 938 2682; x_wconf 89' lang='grc'>773,</span> 
     </span>
     <span class='ocr_line' id='line_1_43' title="bbox 205 2696 796 2742; baseline 0.003 -12"><span class='ocrx_word' id='word_1_175' title='bbox 205 2701 336 2730; x_wconf 86' lang='lat' dir='ltr'>votum</span> <span class='ocrx_word' id='word_1_176' title='bbox 356 2696 404 2730; x_wconf 93' lang='lat' dir='ltr'>de</span> <span class='ocrx_word' id='word_1_177' title='bbox 424 2708 498 2730; x_wconf 89' lang='lat' dir='ltr'>non</span> <span class='ocrx_word' id='word_1_178' title='bbox 516 2697 735 2742; x_wconf 87' lang='lat' dir='ltr'>ambienda,</span> <span class='ocrx_word' id='word_1_179' title='bbox 756 2706 796 2735; x_wconf 86' lang='lat' dir='ltr'><strong>X.</strong></span> 
     </span>
    </p>

    <p class='ocr_par' dir='ltr' id='par_1_25' title="bbox 156 2755 941 2919">
     <span class='ocr_line' id='line_1_44' title="bbox 156 2755 941 2801; baseline 0.003 -13"><span class='ocrx_word' id='word_1_180' title='bbox 156 2755 315 2799; x_wconf 88' lang='lat' dir='ltr'>Dilinga</span> <span class='ocrx_word' id='word_1_181' title='bbox 348 2756 593 2800; x_wconf 84' lang='lat' dir='ltr'>(Dillingen),</span> <span class='ocrx_word' id='word_1_182' title='bbox 619 2768 723 2801; x_wconf 88' lang='lat' dir='ltr'>opp.,</span> <span class='ocrx_word' id='word_1_183' title='bbox 751 2757 833 2801; x_wconf 90' lang='lat' dir='ltr'>ejus</span> <span class='ocrx_word' id='word_1_184' title='bbox 859 2768 941 2790; x_wconf 89' lang='lat' dir='ltr'>aca-</span> 
     </span>
     <span class='ocr_line' id='line_1_45' title="bbox 207 2813 940 2859; baseline 0.003 -12"><span class='ocrx_word' id='word_1_185' title='bbox 207 2813 333 2848; x_wconf 88' lang='lat' dir='ltr'>demia</span> <span class='ocrx_word' id='word_1_186' title='bbox 367 2814 552 2849; x_wconf 88' lang='lat' dir='ltr'>Societati</span> <span class='ocrx_word' id='word_1_187' title='bbox 588 2817 812 2856; x_wconf 87' lang='lat' dir='ltr'>commissa,</span> <span class='ocrx_word' id='word_1_188' title='bbox 857 2814 940 2859; x_wconf 83' lang='lat'>6373</span> 
     </span>
     <span class='ocr_line' id='line_1_46' title="bbox 203 2873 939 2919; baseline 0.004 -13"><span class='ocrx_word' id='word_1_189' title='bbox 203 2875 291 2907; x_wconf 80' lang='lat' dir='ltr'>coll.</span> <span class='ocrx_word' id='word_1_190' title='bbox 319 2873 360 2908; x_wconf 88' lang='lat' dir='ltr'>S.</span> <span class='ocrx_word' id='word_1_191' title='bbox 378 2874 429 2917; x_wconf 86' lang='lat' dir='ltr'>J.,</span> <span class='ocrx_word' id='word_1_192' title='bbox 451 2873 511 2916; x_wconf 83' lang='lat'>36,</span> <span class='ocrx_word' id='word_1_193' title='bbox 538 2873 622 2918; x_wconf 84' lang='lat'>637,</span> <span class='ocrx_word' id='word_1_194' title='bbox 649 2875 733 2918; x_wconf 74' lang='grc'>655,</span> <span class='ocrx_word' id='word_1_195' title='bbox 752 2874 834 2913; x_wconf 80' lang='grc'>688,</span> <span class='ocrx_word' id='word_1_196' title='bbox 855 2883 939 2919; x_wconf 87' lang='grc'>700,</span> 
     </span>
    </p>
   </div>
   <div class='ocr_carea' id='block_1_3' title="bbox 205 2932 940 2967">
    <p class='ocr_par' dir='ltr' id='par_1_26' title="bbox 205 2932 940 2967">
     <span class='ocr_line' id='line_1_47' title="bbox 205 2932 940 2967; baseline 0.005 -4"><span class='ocrx_word' id='word_1_197' title='bbox 205 2932 293 2964; x_wconf 89' lang='lat' dir='ltr'>coll.</span> <span class='ocrx_word' id='word_1_198' title='bbox 328 2936 367 2964; x_wconf 90' lang='lat' dir='ltr'>et</span> <span class='ocrx_word' id='word_1_199' title='bbox 397 2932 619 2966; x_wconf 83' lang='lat' dir='ltr'>academiae</span> <span class='ocrx_word' id='word_1_200' title='bbox 651 2938 775 2967; x_wconf 88' lang='lat' dir='ltr'>status</span> <span class='ocrx_word' id='word_1_201' title='bbox 807 2933 940 2967; x_wconf 89' lang='lat' dir='ltr'>immu-</span> 
     </span>
    </p>
   </div>
   <div class='ocr_carea' id='block_1_4' title="bbox 205 2989 943 3036">
    <p class='ocr_par' dir='ltr' id='par_1_27' title="bbox 205 2989 943 3036">
     <span class='ocr_line' id='line_1_48' title="bbox 205 2989 943 3036; baseline 0.004 -13"><span class='ocrx_word' id='word_1_202' title='bbox 205 2989 356 3033; x_wconf 89' lang='lat' dir='ltr'>tandus,</span> <span class='ocrx_word' id='word_1_203' title='bbox 390 2991 473 3034; x_wconf 90' lang='grc'>660,</span> <span class='ocrx_word' id='word_1_204' title='bbox 506 2992 710 3036; x_wconf 84' lang='lat' dir='ltr'>collegium</span> <span class='ocrx_word' id='word_1_205' title='bbox 737 2991 776 3026; x_wconf 91' lang='lat' dir='ltr'>S.</span> <span class='ocrx_word' id='word_1_206' title='bbox 808 2992 943 3026; x_wconf 86' lang='lat' dir='ltr'>Hiero·</span> 
     </span>
    </p>
   </div>
   <div class='ocr_carea' id='block_1_5' title="bbox 698 187 1233 223">
    <p class='ocr_par' dir='ltr' id='par_1_28' title="bbox 698 187 1233 223">
     <span class='ocr_line' id='line_1_49' title="bbox 698 187 1233 223; baseline 0.002 -3"><span class='ocrx_word' id='word_1_207' title='bbox 698 187 886 222; x_wconf 69' lang='lat' dir='ltr'>PoLANci</span> <span class='ocrx_word' id='word_1_208' title='bbox 914 196 1233 223; x_wconf 49' lang='lat' dir='ltr'>commanem-TA</span> 
     </span>
    </p>
   </div>
   <div class='ocr_carea' id='block_1_6' title="bbox 1001 288 1794 3036">
    <p class='ocr_par' dir='ltr' id='par_1_29' title="bbox 1046 288 1778 390">
     <span class='ocr_line' id='line_1_50' title="bbox 1046 288 1778 331; baseline 0.001 -10"><span class='ocrx_word' id='word_1_209' title='bbox 1046 288 1164 331; x_wconf 87' lang='lat' dir='ltr'>nymi,</span> <span class='ocrx_word' id='word_1_210' title='bbox 1185 288 1268 331; x_wconf 84' lang='grc'>655,</span> <span class='ocrx_word' id='word_1_211' title='bbox 1300 289 1370 322; x_wconf 86' lang='lat' dir='ltr'>hoc</span> <span class='ocrx_word' id='word_1_212' title='bbox 1389 288 1506 322; x_wconf 87' lang='lat' dir='ltr'>etiarn</span> <span class='ocrx_word' id='word_1_213' title='bbox 1525 288 1778 323; x_wconf 86' lang='lat' dir='ltr'>committitur</span> 
     </span>
     <span class='ocr_line' id='line_1_51' title="bbox 1047 346 1351 390; baseline 0.01 -11"><span class='ocrx_word' id='word_1_214' title='bbox 1047 346 1246 390; x_wconf 89' lang='lat' dir='ltr'>Societati,</span> <span class='ocrx_word' id='word_1_215' title='bbox 1267 346 1351 390; x_wconf 86' lang='grc'>637.</span> 
     </span>
    </p>

    <p class='ocr_par' dir='ltr' id='par_1_30' title="bbox 1002 404 1778 508">
     <span class='ocr_line' id='line_1_52' title="bbox 1002 404 1778 451; baseline 0 -13"><span class='ocrx_word' id='word_1_216' title='bbox 1002 405 1184 438; x_wconf 79' lang='lat' dir='ltr'>Dimissio</span> <span class='ocrx_word' id='word_1_217' title='bbox 1214 417 1234 438; x_wconf 88' lang='lat' dir='ltr'>a</span> <span class='ocrx_word' id='word_1_218' title='bbox 1268 405 1306 441; x_wconf 81' lang='lat' dir='ltr'><strong>S.</strong></span> <span class='ocrx_word' id='word_1_219' title='bbox 1335 405 1389 451; x_wconf 83' lang='lat' dir='ltr'>J.,</span> <span class='ocrx_word' id='word_1_220' title='bbox 1423 405 1504 449; x_wconf 84' lang='grc'>376,</span> <span class='ocrx_word' id='word_1_221' title='bbox 1539 405 1700 439; x_wconf 77' lang='lat' dir='ltr'>facultas</span> <span class='ocrx_word' id='word_1_222' title='bbox 1732 404 1778 438; x_wconf 92' lang='lat' dir='ltr'>ad</span> 
     </span>
     <span class='ocr_line' id='line_1_53' title="bbox 1046 463 1514 508; baseline 0.009 -12"><span class='ocrx_word' id='word_1_223' title='bbox 1046 475 1130 496; x_wconf 88' lang='lat' dir='ltr'>earn</span> <span class='ocrx_word' id='word_1_224' title='bbox 1151 465 1306 508; x_wconf 88' lang='lat' dir='ltr'>petitur,</span> <span class='ocrx_word' id='word_1_225' title='bbox 1328 463 1514 508; x_wconf 77' lang='grc' dir='ltr'>34Ι,,349.</span> 
     </span>
    </p>

    <p class='ocr_par' dir='ltr' id='par_1_31' title="bbox 1001 523 1778 624">
     <span class='ocr_line' id='line_1_54' title="bbox 1001 523 1778 569; baseline 0 -13"><span class='ocrx_word' id='word_1_226' title='bbox 1001 523 1222 564; x_wconf 84' lang='lat' dir='ltr'>Diomedes,</span> <span class='ocrx_word' id='word_1_227' title='bbox 1258 523 1294 557; x_wconf 79' lang='lat' dir='ltr'>S.</span> <span class='ocrx_word' id='word_1_228' title='bbox 1329 523 1382 569; x_wconf 87' lang='lat' dir='ltr'>J.,</span> <span class='ocrx_word' id='word_1_229' title='bbox 1422 524 1542 557; x_wconf 85' lang='lat' dir='ltr'>Roma</span> <span class='ocrx_word' id='word_1_230' title='bbox 1576 523 1778 556; x_wconf 86' lang='lat' dir='ltr'>Patavium</span> 
     </span>
     <span class='ocr_line' id='line_1_55' title="bbox 1049 582 1269 624; baseline 0.005 -10"><span class='ocrx_word' id='word_1_231' title='bbox 1049 582 1168 624; x_wconf 85' lang='lat' dir='ltr'>venit,</span> <span class='ocrx_word' id='word_1_232' title='bbox 1185 582 1269 624; x_wconf 88' lang='grc'>605.</span> 
     </span>
    </p>

    <p class='ocr_par' dir='ltr' id='par_1_32' title="bbox 1002 640 1779 742">
     <span class='ocr_line' id='line_1_56' title="bbox 1002 640 1779 684; baseline 0.001 -11"><span class='ocrx_word' id='word_1_233' title='bbox 1002 640 1214 682; x_wconf 82' lang='lat' dir='ltr'>Dionysius</span> <span class='ocrx_word' id='word_1_234' title='bbox 1234 640 1273 674; x_wconf 91' lang='lat' dir='ltr'>S.</span> <span class='ocrx_word' id='word_1_235' title='bbox 1292 641 1341 684; x_wconf 79' lang='lat' dir='ltr'>J.,</span> <span class='ocrx_word' id='word_1_236' title='bbox 1363 641 1482 674; x_wconf 79' lang='lat' dir='ltr'>Roma</span> <span class='ocrx_word' id='word_1_237' title='bbox 1504 640 1779 684; x_wconf 78' lang='lat' dir='ltr'>ingolstadium</span> 
     </span>
     <span class='ocr_line' id='line_1_57' title="bbox 1050 698 1261 742; baseline 0.009 -12"><span class='ocrx_word' id='word_1_238' title='bbox 1050 698 1158 742; x_wconf 78' lang='lat' dir='ltr'>petit,</span> <span class='ocrx_word' id='word_1_239' title='bbox 1181 698 1261 741; x_wconf 85' lang='lat'><strong>586.</strong></span> 
     </span>
    </p>

    <p class='ocr_par' dir='ltr' id='par_1_33' title="bbox 1004 756 1605 801">
     <span class='ocr_line' id='line_1_58' title="bbox 1004 756 1605 801; baseline 0.003 -12"><span class='ocrx_word' id='word_1_240' title='bbox 1004 756 1255 800; x_wconf 87' lang='lat' dir='ltr'>—Henricus,</span> <span class='ocrx_word' id='word_1_241' title='bbox 1281 757 1319 792; x_wconf 88' lang='lat' dir='ltr'>S.</span> <span class='ocrx_word' id='word_1_242' title='bbox 1341 758 1393 801; x_wconf 87' lang='lat' dir='ltr'>J.,</span> <span class='ocrx_word' id='word_1_243' title='bbox 1416 765 1498 800; x_wconf 83' lang='grc'>577,</span> <span class='ocrx_word' id='word_1_244' title='bbox 1519 757 1605 800; x_wconf 86' lang='grc'>584.</span> 
     </span>
    </p>

    <p class='ocr_par' dir='ltr' id='par_1_34' title="bbox 1002 815 1672 859">
     <span class='ocr_line' id='line_1_59' title="bbox 1002 815 1672 859; baseline 0.001 -11"><span class='ocrx_word' id='word_1_245' title='bbox 1002 815 1260 849; x_wconf 87' lang='lat' dir='ltr'>Directorium</span> <span class='ocrx_word' id='word_1_246' title='bbox 1280 815 1618 858; x_wconf 74' lang='lat' dir='ltr'>confessariorum,</span> <span class='ocrx_word' id='word_1_247' title='bbox 1641 829 1672 859; x_wconf 69' lang='lat'><strong>4.</strong></span> 
     </span>
    </p>

    <p class='ocr_par' dir='ltr' id='par_1_35' title="bbox 1003 875 1784 976">
     <span class='ocr_line' id='line_1_60' title="bbox 1003 875 1784 920; baseline 0.001 -12"><span class='ocrx_word' id='word_1_248' title='bbox 1003 875 1231 920; x_wconf 76' lang='lat' dir='ltr'>Disciplina,</span> <span class='ocrx_word' id='word_1_249' title='bbox 1253 887 1288 910; x_wconf 90' lang='lat' dir='ltr'><strong>v.</strong></span> <span class='ocrx_word' id='word_1_250' title='bbox 1311 876 1553 919; x_wconf 78' lang='lat' dir='ltr'>Flagellatio;</span> <span class='ocrx_word' id='word_1_251' title='bbox 1571 877 1784 910; x_wconf 88' lang='lat' dir='ltr'>Domenec·</span> 
     </span>
     <span class='ocr_line' id='line_1_61' title="bbox 1049 933 1411 976; baseline 0.006 -10"><span class='ocrx_word' id='word_1_252' title='bbox 1049 944 1130 976; x_wconf 66' lang='lat' dir='ltr'>cus,</span> <span class='ocrx_word' id='word_1_253' title='bbox 1154 933 1314 976; x_wconf 68' lang='lat' dir='ltr'>Natalis,</span> <span class='ocrx_word' id='word_1_254' title='bbox 1338 941 1411 968; x_wconf 90' lang='lat' dir='ltr'>etc.</span> 
     </span>
    </p>

    <p class='ocr_par' dir='ltr' id='par_1_36' title="bbox 1005 992 1785 1094">
     <span class='ocr_line' id='line_1_62' title="bbox 1005 992 1785 1037; baseline 0.003 -13"><span class='ocrx_word' id='word_1_255' title='bbox 1005 992 1263 1026; x_wconf 65' lang='lat' dir='ltr'>—drmiestica</span> <span class='ocrx_word' id='word_1_256' title='bbox 1297 993 1332 1026; x_wconf 89' lang='lat' dir='ltr'>in</span> <span class='ocrx_word' id='word_1_257' title='bbox 1360 992 1399 1027; x_wconf 92' lang='lat' dir='ltr'>S.</span> <span class='ocrx_word' id='word_1_258' title='bbox 1422 993 1468 1034; x_wconf 74' lang='lat' dir='ltr'>J.,</span> <span class='ocrx_word' id='word_1_259' title='bbox 1495 993 1666 1037; x_wconf 89' lang='lat' dir='ltr'>apprime</span> <span class='ocrx_word' id='word_1_260' title='bbox 1685 1003 1785 1026; x_wconf 93' lang='lat' dir='ltr'>com-</span> 
     </span>
     <span class='ocr_line' id='line_1_63' title="bbox 1052 1051 1466 1094; baseline 0.005 -10"><span class='ocrx_word' id='word_1_261' title='bbox 1052 1051 1267 1094; x_wconf 83' lang='lat' dir='ltr'>mendatur,</span> <span class='ocrx_word' id='word_1_262' title='bbox 1287 1051 1369 1094; x_wconf 78' lang='grc'>433,</span> <span class='ocrx_word' id='word_1_263' title='bbox 1391 1057 1466 1088; x_wconf 89' lang='lat' dir='ltr'>etc.</span> 
     </span>
    </p>

    <p class='ocr_par' dir='ltr' id='par_1_37' title="bbox 1006 1109 1783 1212">
     <span class='ocr_line' id='line_1_64' title="bbox 1006 1109 1783 1157; baseline 0.001 -14"><span class='ocrx_word' id='word_1_264' title='bbox 1006 1109 1253 1154; x_wconf 86' lang='lat' dir='ltr'>Dispensatio</span> <span class='ocrx_word' id='word_1_265' title='bbox 1281 1111 1567 1154; x_wconf 79' lang='lat' dir='ltr'>illegitimitatis</span> <span class='ocrx_word' id='word_1_266' title='bbox 1598 1117 1783 1157; x_wconf 82' lang='lat' dir='ltr'>secretae,</span> 
     </span>
     <span class='ocr_line' id='line_1_65' title="bbox 1051 1177 1134 1212; baseline 0.012 -11"><span class='ocrx_word' id='word_1_267' title='bbox 1051 1177 1134 1212; x_wconf 88' lang='lat'><strong>702.</strong></span> 
     </span>
    </p>

    <p class='ocr_par' dir='ltr' id='par_1_38' title="bbox 1003 1228 1785 1565">
     <span class='ocr_line' id='line_1_66' title="bbox 1003 1228 1781 1272; baseline 0 -11"><span class='ocrx_word' id='word_1_268' title='bbox 1003 1228 1294 1272; x_wconf 76' lang='lat' dir='ltr'>Disputationes</span> <span class='ocrx_word' id='word_1_269' title='bbox 1325 1228 1589 1271; x_wconf 83' lang='lat' dir='ltr'>scholasticae,</span> <span class='ocrx_word' id='word_1_270' title='bbox 1626 1229 1662 1261; x_wconf 89' lang='lat' dir='ltr'>in</span> <span class='ocrx_word' id='word_1_271' title='bbox 1696 1229 1781 1262; x_wconf 92' lang='lat' dir='ltr'>coll.</span> 
     </span>
     <span class='ocr_line' id='line_1_67' title="bbox 1052 1287 1785 1331; baseline -0.001 -11"><span class='ocrx_word' id='word_1_272' title='bbox 1052 1287 1316 1331; x_wconf 87' lang='lat' dir='ltr'>panormitano</span> <span class='ocrx_word' id='word_1_273' title='bbox 1347 1287 1479 1320; x_wconf 87' lang='lat' dir='ltr'>haberi</span> <span class='ocrx_word' id='word_1_274' title='bbox 1508 1297 1584 1319; x_wconf 91' lang='lat' dir='ltr'>non</span> <span class='ocrx_word' id='word_1_275' title='bbox 1610 1292 1785 1331; x_wconf 85' lang='lat' dir='ltr'>possunt,</span> 
     </span>
     <span class='ocr_line' id='line_1_68' title="bbox 1051 1343 1785 1391; baseline -0.001 -13"><span class='ocrx_word' id='word_1_276' title='bbox 1051 1344 1133 1387; x_wconf 87' lang='grc'>336,</span> <span class='ocrx_word' id='word_1_277' title='bbox 1155 1345 1298 1378; x_wconf 82' lang='lat' dir='ltr'>Romae</span> <span class='ocrx_word' id='word_1_278' title='bbox 1314 1345 1481 1391; x_wconf 83' lang='lat' dir='ltr'>habitae,</span> <span class='ocrx_word' id='word_1_279' title='bbox 1504 1343 1583 1388; x_wconf 89' lang='grc'>189,</span> <span class='ocrx_word' id='word_1_280' title='bbox 1605 1353 1682 1389; x_wconf 81' lang='grc'>190,</span> <span class='ocrx_word' id='word_1_281' title='bbox 1701 1353 1785 1388; x_wconf 85' lang='grc'>200,</span> 
     </span>
     <span class='ocr_line' id='line_1_69' title="bbox 1051 1402 1785 1447; baseline -0.001 0"><span class='ocrx_word' id='word_1_282' title='bbox 1051 1403 1132 1447; x_wconf 76' lang='grc'>336,</span> <span class='ocrx_word' id='word_1_283' title='bbox 1166 1412 1248 1447; x_wconf 81' lang='grc'>575,</span> <span class='ocrx_word' id='word_1_284' title='bbox 1281 1403 1448 1447; x_wconf 62' lang='grc'>577-578.</span> <span class='ocrx_word' id='word_1_285' title='bbox 1477 1403 1557 1446; x_wconf 82' lang='lat'>581,</span> <span class='ocrx_word' id='word_1_286' title='bbox 1586 1411 1666 1447; x_wconf 77' lang='lat'>591,</span> <span class='ocrx_word' id='word_1_287' title='bbox 1701 1402 1785 1446; x_wconf 80' lang='lat'>602,</span> 
     </span>
     <span class='ocr_line' id='line_1_70' title="bbox 1051 1461 1784 1506; baseline -0.003 -9"><span class='ocrx_word' id='word_1_288' title='bbox 1051 1463 1133 1506; x_wconf 90' lang='grc'>606,</span> <span class='ocrx_word' id='word_1_289' title='bbox 1163 1462 1335 1505; x_wconf 84' lang='grc'>608-609,</span> <span class='ocrx_word' id='word_1_290' title='bbox 1367 1462 1449 1505; x_wconf 72' lang='grc'>611,</span> <span class='ocrx_word' id='word_1_291' title='bbox 1477 1464 1558 1505; x_wconf 74' lang='grc'>615,</span> <span class='ocrx_word' id='word_1_292' title='bbox 1587 1463 1670 1504; x_wconf 85' lang='grc'>622,</span> <span class='ocrx_word' id='word_1_293' title='bbox 1702 1461 1784 1506; x_wconf 83' lang='grc'>626,</span> 
     </span>
     <span class='ocr_line' id='line_1_71' title="bbox 1052 1520 1437 1565; baseline -0.003 -10"><span class='ocrx_word' id='word_1_294' title='bbox 1052 1520 1135 1563; x_wconf 88' lang='grc'>633,</span> <span class='ocrx_word' id='word_1_295' title='bbox 1154 1521 1236 1565; x_wconf 83' lang='grc'>634,</span> <span class='ocrx_word' id='word_1_296' title='bbox 1257 1520 1339 1565; x_wconf 83' lang='grc'>639,</span> <span class='ocrx_word' id='word_1_297' title='bbox 1362 1527 1437 1555; x_wconf 89' lang='lat' dir='ltr'>etc.</span> 
     </span>
    </p>

    <p class='ocr_par' dir='ltr' id='par_1_39' title="bbox 1004 1580 1787 1683">
     <span class='ocr_line' id='line_1_72' title="bbox 1004 1580 1787 1624; baseline -0.001 -10"><span class='ocrx_word' id='word_1_298' title='bbox 1004 1580 1229 1624; x_wconf 89' lang='lat' dir='ltr'>Dissipatio,</span> <span class='ocrx_word' id='word_1_299' title='bbox 1251 1581 1423 1613; x_wconf 89' lang='lat' dir='ltr'>oratione</span> <span class='ocrx_word' id='word_1_300' title='bbox 1439 1580 1604 1614; x_wconf 88' lang='lat' dir='ltr'>arcenda</span> <span class='ocrx_word' id='word_1_301' title='bbox 1619 1587 1657 1614; x_wconf 90' lang='lat' dir='ltr'>et</span> <span class='ocrx_word' id='word_1_302' title='bbox 1672 1580 1787 1614; x_wconf 86' lang='lat' dir='ltr'>abne-</span> 
     </span>
     <span class='ocr_line' id='line_1_73' title="bbox 1053 1640 1405 1683; baseline 0.003 -11"><span class='ocrx_word' id='word_1_303' title='bbox 1053 1640 1210 1683; x_wconf 87' lang='lat' dir='ltr'>gatione</span> <span class='ocrx_word' id='word_1_304' title='bbox 1231 1640 1303 1681; x_wconf 83' lang='lat' dir='ltr'>sui,</span> <span class='ocrx_word' id='word_1_305' title='bbox 1325 1647 1405 1682; x_wconf 81' lang='grc'>545.</span> 
     </span>
    </p>

    <p class='ocr_par' dir='ltr' id='par_1_40' title="bbox 1008 1698 1457 1742">
     <span class='ocr_line' id='line_1_74' title="bbox 1008 1698 1457 1742; baseline 0.002 -10"><span class='ocrx_word' id='word_1_306' title='bbox 1008 1698 1203 1742; x_wconf 88' lang='lat' dir='ltr'>Dividius,</span> <span class='ocrx_word' id='word_1_307' title='bbox 1224 1710 1261 1734; x_wconf 90' lang='lat' dir='ltr'><strong>v.</strong></span> <span class='ocrx_word' id='word_1_308' title='bbox 1283 1698 1457 1733; x_wconf 79' lang='lat' dir='ltr'>Bibiena.</span> 
     </span>
    </p>

    <p class='ocr_par' dir='ltr' id='par_1_41' title="bbox 1008 1756 1791 2094">
     <span class='ocr_line' id='line_1_75' title="bbox 1008 1756 1791 1800; baseline -0.001 -10"><span class='ocrx_word' id='word_1_309' title='bbox 1008 1757 1165 1799; x_wconf 90' lang='lat' dir='ltr'>Doctor‚</span> <span class='ocrx_word' id='word_1_310' title='bbox 1187 1756 1271 1800; x_wconf 87' lang='lat' dir='ltr'>ejus</span> <span class='ocrx_word' id='word_1_311' title='bbox 1299 1758 1429 1790; x_wconf 87' lang='lat' dir='ltr'>laurea</span> <span class='ocrx_word' id='word_1_312' title='bbox 1456 1756 1493 1790; x_wconf 90' lang='lat' dir='ltr'>in</span> <span class='ocrx_word' id='word_1_313' title='bbox 1519 1757 1607 1791; x_wconf 85' lang='lat' dir='ltr'>coll.</span> <span class='ocrx_word' id='word_1_314' title='bbox 1634 1766 1791 1789; x_wconf 88' lang='lat' dir='ltr'>romano</span> 
     </span>
     <span class='ocr_line' id='line_1_76' title="bbox 1054 1814 1790 1858; baseline -0.001 -9"><span class='ocrx_word' id='word_1_315' title='bbox 1054 1815 1263 1857; x_wconf 86' lang='lat' dir='ltr'>confertur,</span> <span class='ocrx_word' id='word_1_316' title='bbox 1301 1814 1378 1858; x_wconf 87' lang='lat'>123,</span> <span class='ocrx_word' id='word_1_317' title='bbox 1405 1815 1486 1858; x_wconf 89' lang='grc'>582,</span> <span class='ocrx_word' id='word_1_318' title='bbox 1508 1827 1555 1849; x_wconf 89' lang='lat' dir='ltr'>an</span> <span class='ocrx_word' id='word_1_319' title='bbox 1575 1816 1647 1849; x_wconf 91' lang='lat' dir='ltr'>hoc</span> <span class='ocrx_word' id='word_1_320' title='bbox 1678 1814 1790 1849; x_wconf 88' lang='lat' dir='ltr'>titulo</span> 
     </span>
     <span class='ocr_line' id='line_1_77' title="bbox 1055 1873 1789 1918; baseline 0 -11"><span class='ocrx_word' id='word_1_321' title='bbox 1055 1874 1208 1908; x_wconf 87' lang='lat' dir='ltr'>sodales</span> <span class='ocrx_word' id='word_1_322' title='bbox 1240 1874 1425 1907; x_wconf 86' lang='lat' dir='ltr'>nominari</span> <span class='ocrx_word' id='word_1_323' title='bbox 1453 1873 1613 1918; x_wconf 87' lang='lat' dir='ltr'>possint,</span> <span class='ocrx_word' id='word_1_324' title='bbox 1640 1876 1721 1916; x_wconf 87' lang='grc'>461,</span> <span class='ocrx_word' id='word_1_325' title='bbox 1743 1884 1789 1907; x_wconf 89' lang='lat' dir='ltr'>an</span> 
     </span>
     <span class='ocr_line' id='line_1_78' title="bbox 1055 1932 1790 1978; baseline -0.003 -11"><span class='ocrx_word' id='word_1_326' title='bbox 1055 1945 1101 1967; x_wconf 87' lang='lat' dir='ltr'>eo</span> <span class='ocrx_word' id='word_1_327' title='bbox 1120 1938 1261 1976; x_wconf 81' lang='lat' dir='ltr'>egeant</span> <span class='ocrx_word' id='word_1_328' title='bbox 1289 1932 1335 1966; x_wconf 92' lang='lat' dir='ltr'>ad</span> <span class='ocrx_word' id='word_1_329' title='bbox 1354 1932 1622 1978; x_wconf 88' lang='lat' dir='ltr'>exsequendas</span> <span class='ocrx_word' id='word_1_330' title='bbox 1644 1933 1790 1966; x_wconf 89' lang='lat' dir='ltr'>litteras</span> 
     </span>
     <span class='ocr_line' id='line_1_79' title="bbox 1055 1990 1791 2037; baseline -0.001 -12"><span class='ocrx_word' id='word_1_331' title='bbox 1055 1992 1300 2037; x_wconf 83' lang='lat' dir='ltr'>apostolicas,</span> <span class='ocrx_word' id='word_1_332' title='bbox 1333 2000 1415 2035; x_wconf 91' lang='grc'>501,</span> <span class='ocrx_word' id='word_1_333' title='bbox 1443 1990 1670 2036; x_wconf 82' lang='lat' dir='ltr'>legisperiti,</span> <span class='ocrx_word' id='word_1_334' title='bbox 1700 1990 1791 2025; x_wconf 86' lang='lat' dir='ltr'>effa-</span> 
     </span>
     <span class='ocr_line' id='line_1_80' title="bbox 1055 2051 1396 2094; baseline -0.003 -9"><span class='ocrx_word' id='word_1_335' title='bbox 1055 2058 1136 2085; x_wconf 87' lang='lat' dir='ltr'>tum</span> <span class='ocrx_word' id='word_1_336' title='bbox 1156 2051 1203 2085; x_wconf 91' lang='lat' dir='ltr'>de</span> <span class='ocrx_word' id='word_1_337' title='bbox 1223 2051 1294 2093; x_wconf 80' lang='lat' dir='ltr'>eis,</span> <span class='ocrx_word' id='word_1_338' title='bbox 1315 2059 1396 2094; x_wconf 85' lang='lat'><strong>527.</strong></span> 
     </span>
    </p>

    <p class='ocr_par' dir='ltr' id='par_1_42' title="bbox 1009 2108 1788 2152">
     <span class='ocr_line' id='line_1_81' title="bbox 1009 2108 1788 2152; baseline -0.001 -9"><span class='ocrx_word' id='word_1_339' title='bbox 1009 2110 1193 2143; x_wconf 86' lang='lat' dir='ltr'>Doctrina</span> <span class='ocrx_word' id='word_1_340' title='bbox 1224 2109 1445 2152; x_wconf 86' lang='lat' dir='ltr'>christiana,</span> <span class='ocrx_word' id='word_1_341' title='bbox 1481 2120 1515 2143; x_wconf 84' lang='grc' dir='ltr'>ν.</span> <span class='ocrx_word' id='word_1_342' title='bbox 1549 2108 1788 2143; x_wconf 86' lang='lat' dir='ltr'>Catechesis.</span> 
     </span>
    </p>

    <p class='ocr_par' dir='ltr' id='par_1_43' title="bbox 1009 2166 1793 2329">
     <span class='ocr_line' id='line_1_82' title="bbox 1009 2166 1793 2214; baseline -0.003 -12"><span class='ocrx_word' id='word_1_343' title='bbox 1009 2169 1196 2212; x_wconf 77' lang='lat' dir='ltr'>Doegius,</span> <span class='ocrx_word' id='word_1_344' title='bbox 1234 2169 1418 2213; x_wconf 75' lang='lat' dir='ltr'>jacobus,</span> <span class='ocrx_word' id='word_1_345' title='bbox 1451 2168 1492 2204; x_wconf 88' lang='lat' dir='ltr'>S.</span> <span class='ocrx_word' id='word_1_346' title='bbox 1519 2168 1557 2214; x_wconf 93' lang='lat' dir='ltr'>J.</span> <span class='ocrx_word' id='word_1_347' title='bbox 1591 2174 1679 2201; x_wconf 89' lang='lat' dir='ltr'>vota</span> <span class='ocrx_word' id='word_1_348' title='bbox 1712 2166 1793 2201; x_wconf 86' lang='lat' dir='ltr'>edit</span> 
     </span>
     <span class='ocr_line' id='line_1_83' title="bbox 1058 2225 1792 2271; baseline -0.001 -11"><span class='ocrx_word' id='word_1_349' title='bbox 1058 2238 1248 2271; x_wconf 88' lang='lat' dir='ltr'>suprema,</span> <span class='ocrx_word' id='word_1_350' title='bbox 1267 2227 1350 2270; x_wconf 87' lang='grc'>659,</span> <span class='ocrx_word' id='word_1_351' title='bbox 1377 2226 1550 2260; x_wconf 87' lang='lat' dir='ltr'>Tornaco</span> <span class='ocrx_word' id='word_1_352' title='bbox 1576 2225 1728 2259; x_wconf 87' lang='lat' dir='ltr'>Insulas</span> <span class='ocrx_word' id='word_1_353' title='bbox 1750 2237 1792 2259; x_wconf 89' lang='lat' dir='ltr'>se</span> 
     </span>
     <span class='ocr_line' id='line_1_84' title="bbox 1057 2285 1318 2329; baseline 0 -9"><span class='ocrx_word' id='word_1_354' title='bbox 1057 2285 1219 2328; x_wconf 82' lang='lat' dir='ltr'>confert,</span> <span class='ocrx_word' id='word_1_355' title='bbox 1236 2290 1318 2329; x_wconf 84' lang='lat'><strong>007.</strong></span> 
     </span>
    </p>

    <p class='ocr_par' dir='ltr' id='par_1_44' title="bbox 1011 2343 1794 3036">
     <span class='ocr_line' id='line_1_85' title="bbox 1011 2343 1794 2388; baseline -0.003 -10"><span class='ocrx_word' id='word_1_356' title='bbox 1011 2345 1280 2378; x_wconf 83' lang='lat' dir='ltr'>Domeneccus</span> <span class='ocrx_word' id='word_1_357' title='bbox 1301 2344 1572 2386; x_wconf 82' lang='lat' dir='ltr'>(Domenech),</span> <span class='ocrx_word' id='word_1_358' title='bbox 1603 2343 1794 2388; x_wconf 86' lang='lat' dir='ltr'>Hierony·</span> 
     </span>
     <span class='ocr_line' id='line_1_86' title="bbox 1059 2401 1790 2447; baseline -0.003 -11"><span class='ocrx_word' id='word_1_359' title='bbox 1059 2414 1156 2445; x_wconf 82' lang='lat' dir='ltr'>muS‚</span> <span class='ocrx_word' id='word_1_360' title='bbox 1179 2402 1216 2436; x_wconf 93' lang='lat' dir='ltr'><strong>S.</strong></span> <span class='ocrx_word' id='word_1_361' title='bbox 1240 2403 1291 2447; x_wconf 89' lang='lat' dir='ltr'>J.,</span> <span class='ocrx_word' id='word_1_362' title='bbox 1309 2414 1329 2435; x_wconf 89' lang='lat' dir='ltr'>e</span> <span class='ocrx_word' id='word_1_363' title='bbox 1345 2401 1473 2436; x_wconf 89' lang='lat' dir='ltr'>Sicilia</span> <span class='ocrx_word' id='word_1_364' title='bbox 1493 2402 1652 2435; x_wconf 87' lang='lat' dir='ltr'>Romam</span> <span class='ocrx_word' id='word_1_365' title='bbox 1669 2401 1790 2444; x_wconf 85' lang='lat' dir='ltr'>venit,</span> 
     </span>
     <span class='ocr_line' id='line_1_87' title="bbox 1059 2460 1791 2505; baseline 0 -11"><span class='ocrx_word' id='word_1_366' title='bbox 1059 2470 1140 2505; x_wconf 85' lang='lat'>597,</span> <span class='ocrx_word' id='word_1_367' title='bbox 1161 2461 1244 2505; x_wconf 88' lang='grc'>609,</span> <span class='ocrx_word' id='word_1_368' title='bbox 1265 2461 1348 2503; x_wconf 83' lang='grc'>623,</span> <span class='ocrx_word' id='word_1_369' title='bbox 1377 2460 1549 2494; x_wconf 89' lang='lat' dir='ltr'>Siciliam</span> <span class='ocrx_word' id='word_1_370' title='bbox 1577 2460 1687 2505; x_wconf 85' lang='lat' dir='ltr'>petit,</span> <span class='ocrx_word' id='word_1_371' title='bbox 1707 2460 1791 2504; x_wconf 86' lang='grc'>609,</span> 
     </span>
     <span class='ocr_line' id='line_1_88' title="bbox 1059 2518 1793 2565; baseline 0 -13"><span class='ocrx_word' id='word_1_372' title='bbox 1059 2520 1097 2553; x_wconf 90' lang='lat' dir='ltr'>in</span> <span class='ocrx_word' id='word_1_373' title='bbox 1119 2520 1288 2563; x_wconf 88' lang='lat' dir='ltr'>periculo</span> <span class='ocrx_word' id='word_1_374' title='bbox 1314 2519 1427 2553; x_wconf 89' lang='lat' dir='ltr'>maris</span> <span class='ocrx_word' id='word_1_375' title='bbox 1447 2531 1488 2553; x_wconf 85' lang='lat' dir='ltr'>se</span> <span class='ocrx_word' id='word_1_376' title='bbox 1510 2519 1711 2565; x_wconf 87' lang='lat' dir='ltr'>poenitens</span> <span class='ocrx_word' id='word_1_377' title='bbox 1729 2518 1793 2552; x_wconf 91' lang='lat' dir='ltr'>fla-</span> 
     </span>
     <span class='ocr_line' id='line_1_89' title="bbox 1059 2578 1793 2624; baseline 0 -12"><span class='ocrx_word' id='word_1_378' title='bbox 1059 2578 1173 2622; x_wconf 88' lang='lat' dir='ltr'>gellis</span> <span class='ocrx_word' id='word_1_379' title='bbox 1191 2578 1330 2622; x_wconf 87' lang='lat' dir='ltr'>caedit,</span> <span class='ocrx_word' id='word_1_380' title='bbox 1352 2579 1432 2624; x_wconf 81' lang='grc'>581,</span> <span class='ocrx_word' id='word_1_381' title='bbox 1454 2580 1540 2612; x_wconf 91' lang='lat' dir='ltr'>coll.</span> <span class='ocrx_word' id='word_1_382' title='bbox 1571 2579 1716 2612; x_wconf 86' lang='lat' dir='ltr'>romani</span> <span class='ocrx_word' id='word_1_383' title='bbox 1736 2589 1793 2612; x_wconf 87' lang='lat' dir='ltr'>re·</span> 
     </span>
     <span class='ocr_line' id='line_1_90' title="bbox 1060 2635 1794 2682; baseline -0.001 -11"><span class='ocrx_word' id='word_1_384' title='bbox 1060 2643 1155 2682; x_wconf 80' lang='lat' dir='ltr'>ctor,</span> <span class='ocrx_word' id='word_1_385' title='bbox 1188 2640 1271 2681; x_wconf 78' lang='lat'><strong>(2003</strong></span> <span class='ocrx_word' id='word_1_386' title='bbox 1301 2638 1421 2682; x_wconf 83' lang='lat' dir='ltr'>ipsius</span> <span class='ocrx_word' id='word_1_387' title='bbox 1449 2643 1487 2671; x_wconf 83' lang='lat' dir='ltr'>et</span> <span class='ocrx_word' id='word_1_388' title='bbox 1510 2635 1723 2681; x_wconf 82' lang='lat' dir='ltr'>germanici</span> <span class='ocrx_word' id='word_1_389' title='bbox 1750 2647 1794 2671; x_wconf 87' lang='lat' dir='ltr'>ae</span> 
     </span>
     <span class='ocr_line' id='line_1_91' title="bbox 1062 2696 1794 2742; baseline -0.001 -11"><span class='ocrx_word' id='word_1_390' title='bbox 1062 2698 1256 2731; x_wconf 89' lang='lat' dir='ltr'>seminarii</span> <span class='ocrx_word' id='word_1_391' title='bbox 1290 2698 1516 2732; x_wconf 89' lang='lat' dir='ltr'>clericorum</span> <span class='ocrx_word' id='word_1_392' title='bbox 1561 2696 1794 2742; x_wconf 83' lang='lat' dir='ltr'>praefectus—</span> 
     </span>
     <span class='ocr_line' id='line_1_92' title="bbox 1060 2756 1792 2802; baseline -0.003 -11"><span class='ocrx_word' id='word_1_393' title='bbox 1060 2756 1143 2801; x_wconf 89' lang='grc'>693,</span> <span class='ocrx_word' id='word_1_394' title='bbox 1177 2758 1351 2791; x_wconf 87' lang='lat' dir='ltr'>visitator</span> <span class='ocrx_word' id='word_1_395' title='bbox 1382 2767 1487 2802; x_wconf 91' lang='lat' dir='ltr'>prov.</span> <span class='ocrx_word' id='word_1_396' title='bbox 1522 2757 1679 2797; x_wconf 88' lang='lat' dir='ltr'>siculae,</span> <span class='ocrx_word' id='word_1_397' title='bbox 1713 2764 1792 2798; x_wconf 90' lang='lat'>102,</span> 
     </span>
     <span class='ocr_line' id='line_1_93' title="bbox 1061 2814 1791 2860; baseline 0 -12"><span class='ocrx_word' id='word_1_398' title='bbox 1061 2823 1143 2859; x_wconf 90' lang='grc'>711,</span> <span class='ocrx_word' id='word_1_399' title='bbox 1177 2827 1305 2860; x_wconf 88' lang='lat' dir='ltr'>praep.</span> <span class='ocrx_word' id='word_1_400' title='bbox 1341 2827 1448 2860; x_wconf 89' lang='lat' dir='ltr'>prov.</span> <span class='ocrx_word' id='word_1_401' title='bbox 1485 2814 1673 2860; x_wconf 88' lang='lat' dir='ltr'>ejusdem,</span> <span class='ocrx_word' id='word_1_402' title='bbox 1709 2821 1791 2857; x_wconf 85' lang='grc'>352,</span> 
     </span>
     <span class='ocr_line' id='line_1_94' title="bbox 1062 2872 1792 2918; baseline -0.003 -10"><span class='ocrx_word' id='word_1_403' title='bbox 1062 2884 1145 2918; x_wconf 87' lang='grc'>420,</span> <span class='ocrx_word' id='word_1_404' title='bbox 1172 2883 1254 2918; x_wconf 90' lang='grc'>451,</span> <span class='ocrx_word' id='word_1_405' title='bbox 1275 2873 1357 2918; x_wconf 79' lang='grc'>458,</span> <span class='ocrx_word' id='word_1_406' title='bbox 1378 2874 1564 2908; x_wconf 88' lang='lat' dir='ltr'>Thermas</span> <span class='ocrx_word' id='word_1_407' title='bbox 1584 2872 1792 2907; x_wconf 89' lang='lat' dir='ltr'>Selinunti-</span> 
     </span>
     <span class='ocr_line' id='line_1_95' title="bbox 1065 2932 1793 2977; baseline -0.003 -10"><span class='ocrx_word' id='word_1_408' title='bbox 1065 2944 1133 2967; x_wconf 90' lang='lat' dir='ltr'>nas</span> <span class='ocrx_word' id='word_1_409' title='bbox 1153 2934 1298 2977; x_wconf 89' lang='lat' dir='ltr'>visitat,</span> <span class='ocrx_word' id='word_1_410' title='bbox 1324 2933 1405 2976; x_wconf 89' lang='grc'>346,</span> <span class='ocrx_word' id='word_1_411' title='bbox 1438 2932 1718 2966; x_wconf 86' lang='lat' dir='ltr'>Mercurianum</span> <span class='ocrx_word' id='word_1_412' title='bbox 1738 2942 1793 2966; x_wconf 88' lang='lat' dir='ltr'>ro-</span> 
     </span>
     <span class='ocr_line' id='line_1_96' title="bbox 1063 2989 1792 3036; baseline -0.003 -10"><span class='ocrx_word' id='word_1_413' title='bbox 1063 2999 1130 3036; x_wconf 86' lang='lat' dir='ltr'>gat</span> <span class='ocrx_word' id='word_1_414' title='bbox 1150 2997 1191 3026; x_wconf 90' lang='lat' dir='ltr'>ut</span> <span class='ocrx_word' id='word_1_415' title='bbox 1210 2992 1282 3026; x_wconf 90' lang='lat' dir='ltr'>sibi</span> <span class='ocrx_word' id='word_1_416' title='bbox 1301 2991 1487 3026; x_wconf 89' lang='lat' dir='ltr'>concedat</span> <span class='ocrx_word' id='word_1_417' title='bbox 1514 2989 1792 3035; x_wconf 73' lang='lat' dir='ltr'>praefecturam</span> 
     </span>
    </p>
   </div>
  </div>
 </body>
</html>
