<?xml version="1.0" encoding="UTF-8"?>
<!DOCTYPE html PUBLIC "-//W3C//DTD XHTML 1.0 Transitional//EN"
    "http://www.w3.org/TR/xhtml1/DTD/xhtml1-transitional.dtd">
<html xmlns="http://www.w3.org/1999/xhtml" xml:lang="en" lang="en">
 <head>
  <title>
</title>
<meta http-equiv="Content-Type" content="text/html;charset=utf-8" />
  <meta name='ocr-system' content='tesseract 3.04.00' />
  <meta name='ocr-capabilities' content='ocr_page ocr_carea ocr_par ocr_line ocrx_word'/>
</head>
<body>
  <div class='ocr_page' id='page_1' title='image "./polancicomplemen07pola_0643.png"; bbox 0 0 1891 3292; ppageno 0'>
   <div class='ocr_carea' id='block_1_1' title="bbox 565 196 1628 244">
    <p class='ocr_par' dir='ltr' id='par_1_1' title="bbox 565 196 1628 244">
     <span class='ocr_line' id='line_1_1' title="bbox 565 196 1628 244; baseline 0.009 -16"><span class='ocrx_word' id='word_1_1' title='bbox 565 196 965 233; x_wconf 77' lang='lat' dir='ltr'>EPHEMERmEs.-A</span> <span class='ocrx_word' id='word_1_2' title='bbox 974 208 1036 235; x_wconf 84' lang='lat' dir='ltr'>PR.</span> <span class='ocrx_word' id='word_1_3' title='bbox 1071 200 1158 244; x_wconf 83' lang='lat'>1558</span> <span class='ocrx_word' id='word_1_4' title='bbox 1563 204 1628 238; x_wconf 86' lang='lat'>621</span> 
     </span>
    </p>
   </div>
   <div class='ocr_carea' id='block_1_2' title="bbox 283 357 1410 394">
    <p class='ocr_par' dir='ltr' id='par_1_2' title="bbox 283 357 1410 394">
     <span class='ocr_line' id='line_1_2' title="bbox 283 357 1410 394; baseline 0.008 -8"><span class='ocrx_word' id='word_1_5' title='bbox 283 357 488 390; x_wconf 60' lang='lat' dir='ltr'>⁴‚PRAXIS</span> <span class='ocrx_word' id='word_1_6' title='bbox 515 357 884 389; x_wconf 86' lang='lat' dir='ltr'>CONFESSIONUM</span> <span class='ocrx_word' id='word_1_7' title='bbox 911 360 969 390; x_wconf 88' lang='lat' dir='ltr'>ET</span> <span class='ocrx_word' id='word_1_8' title='bbox 994 362 1410 394; x_wconf 82' lang='lat' dir='ltr'>CONUERSATIONIS</span> 
     </span>
    </p>
   </div>
   <div class='ocr_carea' id='block_1_3' title="bbox 44 473 1682 2957">
    <p class='ocr_par' dir='ltr' id='par_1_3' title="bbox 47 473 1674 648">
     <span class='ocr_line' id='line_1_3' title="bbox 132 473 1674 527; baseline 0.005 -9"><span class='ocrx_word' id='word_1_9' title='bbox 132 476 160 518; x_wconf 84' lang='lat'>6</span> <span class='ocrx_word' id='word_1_10' title='bbox 177 474 328 527; x_wconf 92' lang='lat' dir='ltr'>huius,</span> <span class='ocrx_word' id='word_1_11' title='bbox 350 476 402 517; x_wconf 89' lang='lat' dir='ltr'>R.</span> <span class='ocrx_word' id='word_1_12' title='bbox 434 476 484 517; x_wconf 94' lang='lat' dir='ltr'>P.</span> <span class='ocrx_word' id='word_1_13' title='bbox 507 473 764 516; x_wconf 88' lang='lat' dir='ltr'>Cornelius:</span> <span class='ocrx_word' id='word_1_14' title='bbox 789 476 1008 519; x_wconf 83' lang='lat' dir='ltr'>Exercere</span> <span class='ocrx_word' id='word_1_15' title='bbox 1026 478 1098 520; x_wconf 89' lang='lat' dir='ltr'>hic</span> <span class='ocrx_word' id='word_1_16' title='bbox 1116 479 1159 520; x_wconf 88' lang='lat' dir='ltr'>in</span> <span class='ocrx_word' id='word_1_17' title='bbox 1181 481 1414 523; x_wconf 89' lang='lat' dir='ltr'>audiendis</span> <span class='ocrx_word' id='word_1_18' title='bbox 1432 483 1674 525; x_wconf 83' lang='lat' dir='ltr'>confessio-</span> 
     </span>
     <span class='ocr_line' id='line_1_4' title="bbox 47 533 1674 588; baseline 0.002 -9"><span class='ocrx_word' id='word_1_19' title='bbox 47 536 196 588; x_wconf 85' lang='lat' dir='ltr'>nibus,</span> <span class='ocrx_word' id='word_1_20' title='bbox 230 533 305 575; x_wconf 90' lang='lat' dir='ltr'>vbi</span> <span class='ocrx_word' id='word_1_21' title='bbox 339 533 524 588; x_wconf 86' lang='lat' dir='ltr'>oedipos</span> <span class='ocrx_word' id='word_1_22' title='bbox 558 533 714 585; x_wconf 81' lang='lat' dir='ltr'>habes,</span> <span class='ocrx_word' id='word_1_23' title='bbox 751 548 863 587; x_wconf 87' lang='lat' dir='ltr'>quos</span> <span class='ocrx_word' id='word_1_24' title='bbox 896 538 1121 579; x_wconf 87' lang='lat' dir='ltr'>consulas.</span> <span class='ocrx_word' id='word_1_25' title='bbox 1154 540 1243 582; x_wconf 86' lang='lat' dir='ltr'>Sed</span> <span class='ocrx_word' id='word_1_26' title='bbox 1273 548 1377 583; x_wconf 90' lang='lat' dir='ltr'>ante</span> <span class='ocrx_word' id='word_1_27' title='bbox 1408 542 1555 584; x_wconf 90' lang='lat' dir='ltr'>omnia</span> <span class='ocrx_word' id='word_1_28' title='bbox 1585 542 1674 583; x_wconf 87' lang='lat' dir='ltr'>vita</span> 
     </span>
     <span class='ocr_line' id='line_1_5' title="bbox 47 592 1327 648; baseline 0.002 -9"><span class='ocrx_word' id='word_1_29' title='bbox 47 593 456 648; x_wconf 61' lang='lat' dir='ltr'>scrupulositatem</span> <span class='ocrx_word' id='word_1_30' title='bbox 484 592 654 634; x_wconf 89' lang='lat' dir='ltr'>bonum</span> <span class='ocrx_word' id='word_1_31' title='bbox 681 606 787 634; x_wconf 90' lang='lat' dir='ltr'>uero</span> <span class='ocrx_word' id='word_1_32' title='bbox 811 595 1190 641; x_wconf 81' lang='lat' dir='ltr'>conscientiosum</span> <span class='ocrx_word' id='word_1_33' title='bbox 1214 612 1327 642; x_wconf 88' lang='lat' dir='ltr'>esse.</span> 
     </span>
    </p>

    <p class='ocr_par' dir='ltr' id='par_1_4' title="bbox 48 651 1676 755">
     <span class='ocr_line' id='line_1_6' title="bbox 133 651 1676 710; baseline 0.004 -15"><span class='ocrx_word' id='word_1_34' title='bbox 133 654 292 695; x_wconf 89' lang='lat' dir='ltr'>Honor</span> <span class='ocrx_word' id='word_1_35' title='bbox 314 651 586 694; x_wconf 84' lang='lat' dir='ltr'>deferendus</span> <span class='ocrx_word' id='word_1_36' title='bbox 609 659 677 693; x_wconf 87' lang='lat' dir='ltr'>est</span> <span class='ocrx_word' id='word_1_37' title='bbox 700 653 942 704; x_wconf 87' lang='lat' dir='ltr'>extraneis,</span> <span class='ocrx_word' id='word_1_38' title='bbox 969 668 1070 697; x_wconf 88' lang='lat' dir='ltr'>cum</span> <span class='ocrx_word' id='word_1_39' title='bbox 1090 657 1281 710; x_wconf 86' lang='lat' dir='ltr'>quadam</span> <span class='ocrx_word' id='word_1_40' title='bbox 1301 658 1614 701; x_wconf 80' lang='lat' dir='ltr'>summissione</span> <span class='ocrx_word' id='word_1_41' title='bbox 1632 667 1676 703; x_wconf 89' lang='lat' dir='ltr'>et</span> 
     </span>
     <span class='ocr_line' id='line_1_7' title="bbox 47 712 206 770; baseline -0.014 -14.986"><span class='ocrx_word' id='word_1_42' title='bbox 47 712 206 770; x_wconf 87' lang='lat' dir='ltr'>gratia.</span> 
     </span>
    </p>

    <p class='ocr_par' dir='ltr' id='par_1_5' title="bbox 44 769 1676 934">
     <span class='ocr_line' id='line_1_8' title="bbox 132 769 1671 829; baseline 0.003 -15"><span class='ocrx_word' id='word_1_43' title='bbox 132 770 292 814; x_wconf 92' lang='lat' dir='ltr'>Valide</span> <span class='ocrx_word' id='word_1_44' title='bbox 315 777 359 813; x_wconf 90' lang='lat' dir='ltr'>et</span> <span class='ocrx_word' id='word_1_45' title='bbox 382 769 624 824; x_wconf 83' lang='lat' dir='ltr'>diligenter</span> <span class='ocrx_word' id='word_1_46' title='bbox 649 771 878 823; x_wconf 88' lang='lat' dir='ltr'>agendum</span> <span class='ocrx_word' id='word_1_47' title='bbox 904 779 971 814; x_wconf 88' lang='lat' dir='ltr'>est</span> <span class='ocrx_word' id='word_1_48' title='bbox 995 773 1128 814; x_wconf 88' lang='lat' dir='ltr'>armis</span> <span class='ocrx_word' id='word_1_49' title='bbox 1157 774 1478 829; x_wconf 82' lang='lat' dir='ltr'>spiritualibus.</span> <span class='ocrx_word' id='word_1_50' title='bbox 1506 777 1561 818; x_wconf 89' lang='lat' dir='ltr'>Et</span> <span class='ocrx_word' id='word_1_51' title='bbox 1589 778 1671 819; x_wconf 88' lang='lat' dir='ltr'>bo-</span> 
     </span>
     <span class='ocr_line' id='line_1_9' title="bbox 47 827 1676 890; baseline 0.003 -16"><span class='ocrx_word' id='word_1_52' title='bbox 47 845 150 874; x_wconf 89' lang='lat' dir='ltr'>num</span> <span class='ocrx_word' id='word_1_53' title='bbox 175 837 245 872; x_wconf 89' lang='lat' dir='ltr'>est</span> <span class='ocrx_word' id='word_1_54' title='bbox 268 836 370 871; x_wconf 79' lang='lat' dir='ltr'>ante</span> <span class='ocrx_word' id='word_1_55' title='bbox 395 828 544 871; x_wconf 91' lang='lat' dir='ltr'>omnia</span> <span class='ocrx_word' id='word_1_56' title='bbox 574 827 841 890; x_wconf 89' lang='lat' dir='ltr'>intelligere,</span> <span class='ocrx_word' id='word_1_57' title='bbox 875 844 981 872; x_wconf 92' lang='lat' dir='ltr'>num</span> <span class='ocrx_word' id='word_1_58' title='bbox 1015 833 1238 875; x_wconf 85' lang='lat' dir='ltr'>confitens</span> <span class='ocrx_word' id='word_1_59' title='bbox 1267 835 1486 878; x_wconf 84' lang='lat' dir='ltr'>beneficia</span> <span class='ocrx_word' id='word_1_60' title='bbox 1515 837 1676 879; x_wconf 88' lang='lat' dir='ltr'>habeat</span> 
     </span>
     <span class='ocr_line' id='line_1_10' title="bbox 44 872 1067 944; baseline -0.003 -10"><span class='ocrx_word' id='word_1_61' title='bbox 44 898 87 934; x_wconf 92' lang='lat' dir='ltr'>et</span> <span class='ocrx_word' id='word_1_62' title='bbox 109 888 383 944; x_wconf 83' lang='lat' dir='ltr'>coniugatus</span> <span class='ocrx_word' id='word_1_63' title='bbox 406 887 476 940; x_wconf 89' lang='lat' dir='ltr'>sit,</span> <span class='ocrx_word' id='word_1_64' title='bbox 500 887 600 929; x_wconf 90' lang='lat' dir='ltr'>vel</span> <span class='ocrx_word' id='word_1_65' title='bbox 591 902 635 928; x_wconf 86' lang='lat' dir='ltr'>m</span> <span class='ocrx_word' id='word_1_66' title='bbox 659 872 904 931; x_wconf 84' lang='lat' dir='ltr'>concubitu</span> <span class='ocrx_word' id='word_1_67' title='bbox 929 890 1067 932; x_wconf 90' lang='lat' dir='ltr'>viuat.</span> 
     </span>
    </p>

    <p class='ocr_par' dir='ltr' id='par_1_6' title="bbox 48 947 1676 1062">
     <span class='ocr_line' id='line_1_11' title="bbox 131 947 1676 1008; baseline 0.005 -18"><span class='ocrx_word' id='word_1_68' title='bbox 131 950 286 1003; x_wconf 76' lang='lat' dir='ltr'>Quum</span> <span class='ocrx_word' id='word_1_69' title='bbox 310 962 400 989; x_wconf 90' lang='lat' dir='ltr'>non</span> <span class='ocrx_word' id='word_1_70' title='bbox 424 947 491 989; x_wconf 91' lang='lat' dir='ltr'>vis</span> <span class='ocrx_word' id='word_1_71' title='bbox 514 947 767 1000; x_wconf 89' lang='lat' dir='ltr'>absoluere,</span> <span class='ocrx_word' id='word_1_72' title='bbox 793 948 932 990; x_wconf 79' lang='lat' dir='ltr'>dicito</span> <span class='ocrx_word' id='word_1_73' title='bbox 957 950 1226 1003; x_wconf 88' lang='lat' dir='ltr'>poenitenti;</span> <span class='ocrx_word' id='word_1_74' title='bbox 1254 959 1383 1006; x_wconf 88' lang='lat' dir='ltr'>potes</span> <span class='ocrx_word' id='word_1_75' title='bbox 1402 960 1550 995; x_wconf 86' lang='lat' dir='ltr'>tamen</span> <span class='ocrx_word' id='word_1_76' title='bbox 1575 968 1676 1008; x_wconf 82' lang='lat' dir='ltr'>ape-</span> 
     </span>
     <span class='ocr_line' id='line_1_12' title="bbox 48 1006 1178 1062; baseline -0.001 -11"><span class='ocrx_word' id='word_1_77' title='bbox 48 1009 130 1051; x_wconf 87' lang='lat' dir='ltr'>rire</span> <span class='ocrx_word' id='word_1_78' title='bbox 152 1014 289 1062; x_wconf 89' lang='lat' dir='ltr'>caput</span> <span class='ocrx_word' id='word_1_79' title='bbox 312 1021 393 1062; x_wconf 89' lang='lat' dir='ltr'>pro</span> <span class='ocrx_word' id='word_1_80' title='bbox 418 1006 558 1061; x_wconf 90' lang='lat' dir='ltr'>ipsius</span> <span class='ocrx_word' id='word_1_81' title='bbox 582 1007 776 1057; x_wconf 83' lang='lat' dir='ltr'>honore,</span> <span class='ocrx_word' id='word_1_82' title='bbox 803 1015 851 1048; x_wconf 88' lang='lat' dir='ltr'>vt</span> <span class='ocrx_word' id='word_1_83' title='bbox 874 1008 937 1049; x_wconf 85' lang='lat' dir='ltr'>sic</span> <span class='ocrx_word' id='word_1_84' title='bbox 961 1008 1178 1053; x_wconf 85' lang='lat' dir='ltr'>discedat</span> 
     </span>
    </p>

    <p class='ocr_par' dir='ltr' id='par_1_7' title="bbox 47 1066 1677 1236">
     <span class='ocr_line' id='line_1_13' title="bbox 127 1066 1673 1123; baseline 0.002 -13"><span class='ocrx_word' id='word_1_85' title='bbox 127 1067 174 1111; x_wconf 90' lang='lat' dir='ltr'>Si</span> <span class='ocrx_word' id='word_1_86' title='bbox 198 1066 300 1120; x_wconf 86' lang='lat' dir='ltr'>quis</span> <span class='ocrx_word' id='word_1_87' title='bbox 326 1067 462 1108; x_wconf 92' lang='lat' dir='ltr'>habet</span> <span class='ocrx_word' id='word_1_88' title='bbox 486 1066 810 1119; x_wconf 82' lang='lat' dir='ltr'>concubinam,</span> <span class='ocrx_word' id='word_1_89' title='bbox 840 1067 1007 1109; x_wconf 89' lang='lat' dir='ltr'>bonum</span> <span class='ocrx_word' id='word_1_90' title='bbox 1032 1076 1099 1110; x_wconf 89' lang='lat' dir='ltr'>est</span> <span class='ocrx_word' id='word_1_91' title='bbox 1132 1076 1374 1123; x_wconf 89' lang='lat' dir='ltr'>utrumque</span> <span class='ocrx_word' id='word_1_92' title='bbox 1403 1071 1558 1113; x_wconf 89' lang='lat' dir='ltr'>audire</span> <span class='ocrx_word' id='word_1_93' title='bbox 1590 1071 1673 1113; x_wconf 85' lang='lat' dir='ltr'>ali-</span> 
     </span>
     <span class='ocr_line' id='line_1_14' title="bbox 47 1125 1677 1184; baseline 0.002 -15"><span class='ocrx_word' id='word_1_94' title='bbox 47 1126 261 1183; x_wconf 82' lang='lat' dir='ltr'>quandiu3</span> <span class='ocrx_word' id='word_1_95' title='bbox 298 1125 465 1179; x_wconf 80' lang='lat' dir='ltr'>alioqui</span> <span class='ocrx_word' id='word_1_96' title='bbox 497 1139 622 1175; x_wconf 86' lang='lat' dir='ltr'>sane,</span> <span class='ocrx_word' id='word_1_97' title='bbox 659 1125 776 1168; x_wconf 91' lang='lat' dir='ltr'>idem</span> <span class='ocrx_word' id='word_1_98' title='bbox 811 1140 998 1168; x_wconf 91' lang='lat' dir='ltr'>manens</span> <span class='ocrx_word' id='word_1_99' title='bbox 1031 1136 1075 1170; x_wconf 88' lang='lat' dir='ltr'>et</span> <span class='ocrx_word' id='word_1_100' title='bbox 1108 1142 1196 1169; x_wconf 90' lang='lat' dir='ltr'>non</span> <span class='ocrx_word' id='word_1_101' title='bbox 1232 1129 1387 1171; x_wconf 88' lang='lat' dir='ltr'>volens</span> <span class='ocrx_word' id='word_1_102' title='bbox 1427 1129 1677 1184; x_wconf 77' lang='lat' dir='ltr'>relinquere</span> 
     </span>
     <span class='ocr_line' id='line_1_15' title="bbox 47 1184 898 1236; baseline -0.001 -7"><span class='ocrx_word' id='word_1_103' title='bbox 47 1185 345 1236; x_wconf 86' lang='lat' dir='ltr'>occasionem,</span> <span class='ocrx_word' id='word_1_104' title='bbox 372 1199 462 1226; x_wconf 91' lang='lat' dir='ltr'>non</span> <span class='ocrx_word' id='word_1_105' title='bbox 486 1191 555 1227; x_wconf 92' lang='lat' dir='ltr'>est</span> <span class='ocrx_word' id='word_1_106' title='bbox 577 1184 898 1228; x_wconf 79' lang='lat' dir='ltr'>absoluendus.</span> 
     </span>
    </p>

    <p class='ocr_par' dir='ltr' id='par_1_8' title="bbox 46 1243 1679 1716">
     <span class='ocr_line' id='line_1_16' title="bbox 132 1243 1677 1302; baseline 0.002 -15"><span class='ocrx_word' id='word_1_107' title='bbox 132 1245 236 1288; x_wconf 88' lang='lat' dir='ltr'>Non</span> <span class='ocrx_word' id='word_1_108' title='bbox 259 1250 366 1286; x_wconf 89' lang='lat' dir='ltr'>sunt</span> <span class='ocrx_word' id='word_1_109' title='bbox 388 1243 654 1286; x_wconf 88' lang='lat' dir='ltr'>absoluendi</span> <span class='ocrx_word' id='word_1_110' title='bbox 679 1244 803 1297; x_wconf 88' lang='lat' dir='ltr'>pueri</span> <span class='ocrx_word' id='word_1_111' title='bbox 824 1245 1044 1287; x_wconf 80' lang='lat' dir='ltr'>habentes</span> <span class='ocrx_word' id='word_1_112' title='bbox 1061 1245 1297 1296; x_wconf 89' lang='lat' dir='ltr'>beneficia,</span> <span class='ocrx_word' id='word_1_113' title='bbox 1320 1255 1557 1300; x_wconf 77' lang='lat' dir='ltr'>antequam</span> <span class='ocrx_word' id='word_1_114' title='bbox 1578 1262 1677 1302; x_wconf 88' lang='lat' dir='ltr'>por-</span> 
     </span>
     <span class='ocr_line' id='line_1_17' title="bbox 47 1303 1677 1362; baseline 0.001 -15"><span class='ocrx_word' id='word_1_115' title='bbox 47 1311 140 1348; x_wconf 89' lang='lat' dir='ltr'>tent</span> <span class='ocrx_word' id='word_1_116' title='bbox 164 1303 370 1346; x_wconf 90' lang='lat' dir='ltr'>habitum</span> <span class='ocrx_word' id='word_1_117' title='bbox 395 1310 439 1346; x_wconf 92' lang='lat' dir='ltr'>et</span> <span class='ocrx_word' id='word_1_118' title='bbox 462 1303 617 1344; x_wconf 92' lang='lat' dir='ltr'>dicant</span> <span class='ocrx_word' id='word_1_119' title='bbox 640 1303 854 1346; x_wconf 90' lang='lat' dir='ltr'>officium.</span> <span class='ocrx_word' id='word_1_120' title='bbox 884 1304 1028 1346; x_wconf 91' lang='lat' dir='ltr'>Multo</span> <span class='ocrx_word' id='word_1_121' title='bbox 1050 1319 1155 1347; x_wconf 90' lang='lat' dir='ltr'>vero</span> <span class='ocrx_word' id='word_1_122' title='bbox 1184 1305 1332 1346; x_wconf 89' lang='lat' dir='ltr'>minus</span> <span class='ocrx_word' id='word_1_123' title='bbox 1356 1314 1576 1360; x_wconf 85' lang='lat' dir='ltr'>parentes,</span> <span class='ocrx_word' id='word_1_124' title='bbox 1603 1307 1677 1362; x_wconf 91' lang='lat' dir='ltr'>qui</span> 
     </span>
     <span class='ocr_line' id='line_1_18' title="bbox 47 1361 1677 1418; baseline 0.001 -12"><span class='ocrx_word' id='word_1_125' title='bbox 47 1364 90 1405; x_wconf 87' lang='lat' dir='ltr'>id</span> <span class='ocrx_word' id='word_1_126' title='bbox 112 1370 289 1406; x_wconf 89' lang='lat' dir='ltr'>curant.</span> <span class='ocrx_word' id='word_1_127' title='bbox 317 1364 382 1404; x_wconf 90' lang='lat' dir='ltr'>Ita</span> <span class='ocrx_word' id='word_1_128' title='bbox 405 1361 574 1417; x_wconf 87' lang='lat' dir='ltr'>placuit</span> <span class='ocrx_word' id='word_1_129' title='bbox 598 1376 775 1405; x_wconf 87' lang='lat' dir='ltr'>summo</span> <span class='ocrx_word' id='word_1_130' title='bbox 800 1363 1020 1417; x_wconf 83' lang='lat' dir='ltr'>pontifici,</span> <span class='ocrx_word' id='word_1_131' title='bbox 1043 1363 1335 1418; x_wconf 84' lang='lat' dir='ltr'>interrogato,</span> <span class='ocrx_word' id='word_1_132' title='bbox 1357 1372 1402 1407; x_wconf 86' lang='lat' dir='ltr'>et</span> <span class='ocrx_word' id='word_1_133' title='bbox 1424 1367 1579 1408; x_wconf 87' lang='lat' dir='ltr'>Patres</span> <span class='ocrx_word' id='word_1_134' title='bbox 1602 1381 1677 1407; x_wconf 92' lang='lat' dir='ltr'>no—</span> 
     </span>
     <span class='ocr_line' id='line_1_19' title="bbox 46 1421 1679 1477; baseline 0.001 -12"><span class='ocrx_word' id='word_1_135' title='bbox 46 1423 124 1466; x_wconf 90' lang='lat' dir='ltr'>stri</span> <span class='ocrx_word' id='word_1_136' title='bbox 142 1421 344 1477; x_wconf 89' lang='lat' dir='ltr'>quotidie</span> <span class='ocrx_word' id='word_1_137' title='bbox 362 1430 598 1476; x_wconf 88' lang='lat' dir='ltr'>vsurpant,</span> <span class='ocrx_word' id='word_1_138' title='bbox 612 1429 658 1462; x_wconf 90' lang='lat' dir='ltr'>vt</span> <span class='ocrx_word' id='word_1_139' title='bbox 676 1421 995 1477; x_wconf 89' lang='lat' dir='ltr'>diuulgatum</span> <span class='ocrx_word' id='word_1_140' title='bbox 985 1437 1070 1463; x_wconf 83' lang='lat' dir='ltr'>lam</span> <span class='ocrx_word' id='word_1_141' title='bbox 1090 1431 1157 1464; x_wconf 90' lang='lat' dir='ltr'>est</span> <span class='ocrx_word' id='word_1_142' title='bbox 1177 1424 1359 1465; x_wconf 88' lang='lat' dir='ltr'>Romae</span> <span class='ocrx_word' id='word_1_143' title='bbox 1382 1424 1470 1465; x_wconf 92' lang='lat' dir='ltr'>Hic</span> <span class='ocrx_word' id='word_1_144' title='bbox 1490 1426 1540 1466; x_wconf 90' lang='lat' dir='ltr'>R.</span> <span class='ocrx_word' id='word_1_145' title='bbox 1549 1423 1577 1448; x_wconf 62' lang='grc' dir='ltr'>ὼ</span> <span class='ocrx_word' id='word_1_146' title='bbox 1598 1427 1679 1467; x_wconf 89' lang='lat' dir='ltr'>Pa-</span> 
     </span>
     <span class='ocr_line' id='line_1_20' title="bbox 48 1481 1679 1537; baseline 0.001 -13"><span class='ocrx_word' id='word_1_147' title='bbox 48 1490 136 1526; x_wconf 87' lang='lat' dir='ltr'>tres</span> <span class='ocrx_word' id='word_1_148' title='bbox 166 1481 356 1533; x_wconf 86' lang='lat' dir='ltr'>Natalis,</span> <span class='ocrx_word' id='word_1_149' title='bbox 393 1481 568 1523; x_wconf 88' lang='lat' dir='ltr'>Madrid</span> <span class='ocrx_word' id='word_1_150' title='bbox 601 1488 645 1522; x_wconf 93' lang='lat' dir='ltr'>et</span> <span class='ocrx_word' id='word_1_151' title='bbox 678 1481 932 1524; x_wconf 85' lang='lat' dir='ltr'>Cornelius.</span> <span class='ocrx_word' id='word_1_152' title='bbox 970 1482 1224 1537; x_wconf 90' lang='lat' dir='ltr'>Septennes</span> <span class='ocrx_word' id='word_1_153' title='bbox 1256 1481 1459 1536; x_wconf 88' lang='lat' dir='ltr'>accipere</span> <span class='ocrx_word' id='word_1_154' title='bbox 1494 1492 1679 1537; x_wconf 85' lang='lat' dir='ltr'>possunt</span> 
     </span>
     <span class='ocr_line' id='line_1_21' title="bbox 48 1541 1675 1593; baseline 0 -10"><span class='ocrx_word' id='word_1_155' title='bbox 48 1541 267 1585; x_wconf 90' lang='lat' dir='ltr'>beneficia</span> <span class='ocrx_word' id='word_1_156' title='bbox 291 1555 381 1582; x_wconf 90' lang='lat' dir='ltr'>non</span> <span class='ocrx_word' id='word_1_157' title='bbox 404 1548 577 1593; x_wconf 83' lang='lat' dir='ltr'>curata3</span> <span class='ocrx_word' id='word_1_158' title='bbox 604 1541 699 1592; x_wconf 88' lang='lat' dir='ltr'>sed,</span> <span class='ocrx_word' id='word_1_159' title='bbox 726 1541 978 1582; x_wconf 90' lang='lat' dir='ltr'>secundum</span> <span class='ocrx_word' id='word_1_160' title='bbox 1003 1555 1214 1593; x_wconf 86' lang='lat' dir='ltr'>canones,</span> <span class='ocrx_word' id='word_1_161' title='bbox 1248 1566 1301 1571; x_wconf 94' lang='lat'>——</span> <span class='ocrx_word' id='word_1_162' title='bbox 1332 1565 1388 1571; x_wconf 89' lang='lat'>—</span> <span class='ocrx_word' id='word_1_163' title='bbox 1418 1556 1563 1584; x_wconf 90' lang='lat' dir='ltr'>annos</span> <span class='ocrx_word' id='word_1_164' title='bbox 1596 1544 1675 1583; x_wconf 83' lang='lat' dir='ltr'>ha-</span> 
     </span>
     <span class='ocr_line' id='line_1_22' title="bbox 48 1600 1679 1656; baseline 0 -13"><span class='ocrx_word' id='word_1_165' title='bbox 48 1602 153 1645; x_wconf 90' lang='lat' dir='ltr'>bere</span> <span class='ocrx_word' id='word_1_166' title='bbox 175 1601 359 1655; x_wconf 88' lang='lat' dir='ltr'>debent,</span> <span class='ocrx_word' id='word_1_167' title='bbox 395 1600 473 1654; x_wconf 94' lang='lat' dir='ltr'>qui</span> <span class='ocrx_word' id='word_1_168' title='bbox 502 1607 688 1642; x_wconf 90' lang='lat' dir='ltr'>curatus</span> <span class='ocrx_word' id='word_1_169' title='bbox 717 1600 962 1655; x_wconf 89' lang='lat' dir='ltr'>accipiunt,</span> <span class='ocrx_word' id='word_1_170' title='bbox 997 1601 1204 1655; x_wconf 86' lang='lat' dir='ltr'>quamuis</span> <span class='ocrx_word' id='word_1_171' title='bbox 1232 1600 1509 1643; x_wconf 90' lang='lat' dir='ltr'>interuenire</span> <span class='ocrx_word' id='word_1_172' title='bbox 1538 1602 1679 1656; x_wconf 87' lang='lat' dir='ltr'>possit</span> 
     </span>
     <span class='ocr_line' id='line_1_23' title="bbox 47 1660 335 1716; baseline 0.003 -14"><span class='ocrx_word' id='word_1_173' title='bbox 47 1660 335 1716; x_wconf 89' lang='lat' dir='ltr'>dispensatio.</span> 
     </span>
    </p>

    <p class='ocr_par' dir='ltr' id='par_1_9' title="bbox 48 1717 1680 1881">
     <span class='ocr_line' id='line_1_24' title="bbox 134 1717 1680 1774; baseline -0.001 -12"><span class='ocrx_word' id='word_1_174' title='bbox 134 1720 183 1763; x_wconf 90' lang='lat' dir='ltr'>Si</span> <span class='ocrx_word' id='word_1_175' title='bbox 213 1719 314 1774; x_wconf 91' lang='lat' dir='ltr'>quis</span> <span class='ocrx_word' id='word_1_176' title='bbox 342 1718 461 1760; x_wconf 89' lang='lat' dir='ltr'>dicat</span> <span class='ocrx_word' id='word_1_177' title='bbox 490 1717 679 1773; x_wconf 88' lang='lat' dir='ltr'>simplici</span> <span class='ocrx_word' id='word_1_178' title='bbox 708 1718 847 1761; x_wconf 89' lang='lat' dir='ltr'>verbo</span> <span class='ocrx_word' id='word_1_179' title='bbox 877 1718 996 1760; x_wconf 90' lang='lat' dir='ltr'>bona</span> <span class='ocrx_word' id='word_1_180' title='bbox 1025 1718 1301 1761; x_wconf 87' lang='lat' dir='ltr'>conscientia</span> <span class='ocrx_word' id='word_1_181' title='bbox 1330 1718 1600 1760; x_wconf 89' lang='lat' dir='ltr'>beneficium</span> <span class='ocrx_word' id='word_1_182' title='bbox 1634 1734 1680 1761; x_wconf 93' lang='lat' dir='ltr'>se</span> 
     </span>
     <span class='ocr_line' id='line_1_25' title="bbox 50 1777 1680 1834; baseline -0.001 -13"><span class='ocrx_word' id='word_1_183' title='bbox 50 1779 291 1834; x_wconf 89' lang='lat' dir='ltr'>possidere,</span> <span class='ocrx_word' id='word_1_184' title='bbox 328 1785 372 1820; x_wconf 89' lang='lat' dir='ltr'>et</span> <span class='ocrx_word' id='word_1_185' title='bbox 404 1786 472 1820; x_wconf 88' lang='lat' dir='ltr'>est</span> <span class='ocrx_word' id='word_1_186' title='bbox 505 1777 674 1832; x_wconf 87' lang='lat' dir='ltr'>alioqui</span> <span class='ocrx_word' id='word_1_187' title='bbox 707 1778 920 1819; x_wconf 87' lang='lat' dir='ltr'>cordatus</span> <span class='ocrx_word' id='word_1_188' title='bbox 954 1779 1108 1832; x_wconf 89' lang='lat' dir='ltr'>homo,</span> <span class='ocrx_word' id='word_1_189' title='bbox 1144 1777 1421 1820; x_wconf 86' lang='lat' dir='ltr'>credendum</span> <span class='ocrx_word' id='word_1_190' title='bbox 1463 1785 1531 1820; x_wconf 79' lang='lat' dir='ltr'>est</span> <span class='ocrx_word' id='word_1_191' title='bbox 1563 1778 1680 1820; x_wconf 90' lang='lat' dir='ltr'>illius</span> 
     </span>
     <span class='ocr_line' id='line_1_26' title="bbox 48 1837 864 1881; baseline -0.002 -1"><span class='ocrx_word' id='word_1_192' title='bbox 48 1838 367 1881; x_wconf 88' lang='lat' dir='ltr'>conscientiae.</span> <span class='ocrx_word' id='word_1_193' title='bbox 393 1837 468 1881; x_wconf 89' lang='lat' dir='ltr'>Sic</span> <span class='ocrx_word' id='word_1_194' title='bbox 491 1838 648 1878; x_wconf 87' lang='lat' dir='ltr'>doctor</span> <span class='ocrx_word' id='word_1_195' title='bbox 671 1837 864 1880; x_wconf 89' lang='lat' dir='ltr'>Madrid.</span> 
     </span>
    </p>

    <p class='ocr_par' dir='ltr' id='par_1_10' title="bbox 48 1895 1682 2188">
     <span class='ocr_line' id='line_1_27' title="bbox 134 1895 1678 1951; baseline -0.002 -11"><span class='ocrx_word' id='word_1_196' title='bbox 134 1899 273 1940; x_wconf 89' lang='lat' dir='ltr'>Idem:</span> <span class='ocrx_word' id='word_1_197' title='bbox 300 1898 403 1940; x_wconf 93' lang='lat' dir='ltr'>Non</span> <span class='ocrx_word' id='word_1_198' title='bbox 427 1896 512 1939; x_wconf 92' lang='lat' dir='ltr'>nisi</span> <span class='ocrx_word' id='word_1_199' title='bbox 537 1895 667 1951; x_wconf 89' lang='lat' dir='ltr'>primi</span> <span class='ocrx_word' id='word_1_200' title='bbox 689 1896 780 1938; x_wconf 94' lang='lat' dir='ltr'>duo</span> <span class='ocrx_word' id='word_1_201' title='bbox 803 1895 934 1951; x_wconf 81' lang='lat' dir='ltr'>digiti</span> <span class='ocrx_word' id='word_1_202' title='bbox 957 1896 1192 1950; x_wconf 89' lang='lat' dir='ltr'>vtriusque</span> <span class='ocrx_word' id='word_1_203' title='bbox 1222 1909 1382 1937; x_wconf 88' lang='lat' dir='ltr'>manus</span> <span class='ocrx_word' id='word_1_204' title='bbox 1412 1908 1678 1937; x_wconf 89' lang='lat' dir='ltr'>consecran-</span> 
     </span>
     <span class='ocr_line' id='line_1_28' title="bbox 48 1955 1680 2011; baseline -0.002 -12"><span class='ocrx_word' id='word_1_205' title='bbox 48 1965 134 2000; x_wconf 89' lang='lat' dir='ltr'>tur.</span> <span class='ocrx_word' id='word_1_206' title='bbox 166 1957 213 2001; x_wconf 88' lang='lat' dir='ltr'>Si</span> <span class='ocrx_word' id='word_1_207' title='bbox 245 1957 346 2011; x_wconf 86' lang='lat' dir='ltr'>quis</span> <span class='ocrx_word' id='word_1_208' title='bbox 379 1962 530 1999; x_wconf 89' lang='lat' dir='ltr'>tamen</span> <span class='ocrx_word' id='word_1_209' title='bbox 564 1970 644 2010; x_wconf 88' lang='lat' dir='ltr'>per</span> <span class='ocrx_word' id='word_1_210' title='bbox 674 1955 1055 1999; x_wconf 87' lang='lat' dir='ltr'>inaduertentiam</span> <span class='ocrx_word' id='word_1_211' title='bbox 1092 1955 1329 2010; x_wconf 89' lang='lat' dir='ltr'>contingat</span> <span class='ocrx_word' id='word_1_212' title='bbox 1371 1955 1426 1996; x_wconf 90' lang='lat' dir='ltr'>V.</span> <span class='ocrx_word' id='word_1_213' title='bbox 1466 1955 1680 1997; x_wconf 88' lang='lat' dir='ltr'>Euchari—</span> 
     </span>
     <span class='ocr_line' id='line_1_29' title="bbox 48 2014 1682 2070; baseline -0.002 -11"><span class='ocrx_word' id='word_1_214' title='bbox 48 2016 176 2059; x_wconf 89' lang='lat' dir='ltr'>stiam</span> <span class='ocrx_word' id='word_1_215' title='bbox 200 2016 286 2058; x_wconf 88' lang='lat' dir='ltr'>alia</span> <span class='ocrx_word' id='word_1_216' title='bbox 309 2030 470 2058; x_wconf 90' lang='lat' dir='ltr'>manus</span> <span class='ocrx_word' id='word_1_217' title='bbox 494 2023 619 2070; x_wconf 88' lang='lat' dir='ltr'>parte</span> <span class='ocrx_word' id='word_1_218' title='bbox 638 2022 688 2067; x_wconf 74' lang='lat' dir='ltr'>qq,</span> <span class='ocrx_word' id='word_1_219' title='bbox 712 2029 801 2056; x_wconf 89' lang='lat' dir='ltr'>non</span> <span class='ocrx_word' id='word_1_220' title='bbox 821 2024 906 2065; x_wconf 88' lang='lat' dir='ltr'>est,</span> <span class='ocrx_word' id='word_1_221' title='bbox 928 2023 1051 2057; x_wconf 90' lang='lat' dir='ltr'>certe</span> <span class='ocrx_word' id='word_1_222' title='bbox 1070 2015 1271 2065; x_wconf 83' lang='lat' dir='ltr'>mortale,</span> <span class='ocrx_word' id='word_1_223' title='bbox 1295 2014 1398 2067; x_wconf 90' lang='lat' dir='ltr'>quia</span> <span class='ocrx_word' id='word_1_224' title='bbox 1418 2015 1541 2057; x_wconf 84' lang='lat' dir='ltr'>Deus</span> <span class='ocrx_word' id='word_1_225' title='bbox 1560 2015 1682 2055; x_wconf 90' lang='lat' dir='ltr'>bono</span> 
     </span>
     <span class='ocr_line' id='line_1_30' title="bbox 49 2073 1680 2129; baseline -0.002 -12"><span class='ocrx_word' id='word_1_226' title='bbox 49 2076 197 2118; x_wconf 92' lang='lat' dir='ltr'>animo</span> <span class='ocrx_word' id='word_1_227' title='bbox 220 2073 456 2119; x_wconf 88' lang='lat' dir='ltr'>accedenti</span> <span class='ocrx_word' id='word_1_228' title='bbox 478 2089 566 2116; x_wconf 89' lang='lat' dir='ltr'>non</span> <span class='ocrx_word' id='word_1_229' title='bbox 592 2084 659 2116; x_wconf 87' lang='lat' dir='ltr'>est</span> <span class='ocrx_word' id='word_1_230' title='bbox 683 2082 772 2116; x_wconf 90' lang='lat' dir='ltr'>tam</span> <span class='ocrx_word' id='word_1_231' title='bbox 797 2088 1002 2125; x_wconf 88' lang='lat' dir='ltr'>seuerus,</span> <span class='ocrx_word' id='word_1_232' title='bbox 1029 2089 1164 2129; x_wconf 91' lang='lat' dir='ltr'>quam</span> <span class='ocrx_word' id='word_1_233' title='bbox 1195 2074 1230 2114; x_wconf 93' lang='lat' dir='ltr'>si</span> <span class='ocrx_word' id='word_1_234' title='bbox 1261 2087 1362 2114; x_wconf 90' lang='lat' dir='ltr'>cum</span> <span class='ocrx_word' id='word_1_235' title='bbox 1389 2074 1533 2114; x_wconf 90' lang='lat' dir='ltr'>cultro</span> <span class='ocrx_word' id='word_1_236' title='bbox 1564 2073 1680 2115; x_wconf 90' lang='lat' dir='ltr'>adsit</span> 
     </span>
     <span class='ocr_line' id='line_1_31' title="bbox 49 2133 1403 2200; baseline -0.004 -22"><span class='ocrx_word' id='word_1_237' title='bbox 49 2135 265 2178; x_wconf 89' lang='lat' dir='ltr'>continuo</span> <span class='ocrx_word' id='word_1_238' title='bbox 288 2134 541 2185; x_wconf 85' lang='lat' dir='ltr'>occisurus,</span> <span class='ocrx_word' id='word_1_239' title='bbox 569 2134 949 2200; x_wconf 82' lang='lat' dir='ltr'>quemadmodum</span> <span class='ocrx_word' id='word_1_240' title='bbox 975 2148 1055 2175; x_wconf 88' lang='lat' dir='ltr'>nos</span> <span class='ocrx_word' id='word_1_241' title='bbox 1078 2133 1403 2176; x_wconf 86' lang='lat' dir='ltr'>existimamus.</span> 
     </span>
    </p>

    <p class='ocr_par' dir='ltr' id='par_1_11' title="bbox 51 2191 1679 2310">
     <span class='ocr_line' id='line_1_32' title="bbox 135 2191 1679 2257; baseline -0.003 -21"><span class='ocrx_word' id='word_1_242' title='bbox 135 2195 273 2237; x_wconf 91' lang='lat' dir='ltr'>Idem:</span> <span class='ocrx_word' id='word_1_243' title='bbox 302 2195 447 2237; x_wconf 91' lang='lat' dir='ltr'>Multo</span> <span class='ocrx_word' id='word_1_244' title='bbox 470 2193 650 2235; x_wconf 90' lang='lat' dir='ltr'>maioris</span> <span class='ocrx_word' id='word_1_245' title='bbox 668 2201 735 2236; x_wconf 84' lang='lat' dir='ltr'>est</span> <span class='ocrx_word' id='word_1_246' title='bbox 761 2193 965 2235; x_wconf 82' lang='lat' dir='ltr'>facienda</span> <span class='ocrx_word' id='word_1_247' title='bbox 985 2194 1118 2243; x_wconf 85' lang='lat' dir='ltr'>fama,</span> <span class='ocrx_word' id='word_1_248' title='bbox 1141 2207 1273 2257; x_wconf 82' lang='lat' dir='ltr'>quam</span> <span class='ocrx_word' id='word_1_249' title='bbox 1298 2191 1497 2243; x_wconf 90' lang='lat' dir='ltr'>diuitiae,</span> <span class='ocrx_word' id='word_1_250' title='bbox 1520 2198 1564 2234; x_wconf 86' lang='lat' dir='ltr'>et</span> <span class='ocrx_word' id='word_1_251' title='bbox 1583 2205 1679 2245; x_wconf 92' lang='lat' dir='ltr'>pro-</span> 
     </span>
     <span class='ocr_line' id='line_1_33' title="bbox 51 2226 1677 2315; baseline -0.004 -19"><span class='ocrx_word' id='word_1_252' title='bbox 51 2260 198 2310; x_wconf 89' lang='lat' dir='ltr'>pterea</span> <span class='ocrx_word' id='word_1_253' title='bbox 218 2254 354 2296; x_wconf 77' lang='lat' dir='ltr'>debet</span> <span class='ocrx_word' id='word_1_254' title='bbox 391 2253 466 2295; x_wconf 89' lang='lat' dir='ltr'>illa</span> <span class='ocrx_word' id='word_1_255' title='bbox 483 2254 632 2294; x_wconf 87' lang='lat' dir='ltr'>ablata</span> <span class='ocrx_word' id='word_1_256' title='bbox 667 2253 809 2294; x_wconf 91' lang='lat' dir='ltr'>multo</span> <span class='ocrx_word' id='word_1_257' title='bbox 827 2252 1093 2308; x_wconf 90' lang='lat' dir='ltr'>diligentius</span> <span class='ocrx_word' id='word_1_258' title='bbox 1118 2251 1292 2293; x_wconf 90' lang='lat' dir='ltr'>restitui</span> <span class='ocrx_word' id='word_1_259' title='bbox 1319 2264 1453 2315; x_wconf 76' lang='lat' dir='ltr'>quam</span> <span class='ocrx_word' id='word_1_260' title='bbox 1478 2226 1677 2291; x_wconf 85' lang='lat' dir='ltr'>diuitiae.</span> 
     </span>
    </p>

    <p class='ocr_par' dir='ltr' id='par_1_12' title="bbox 48 2309 1679 2606">
     <span class='ocr_line' id='line_1_34' title="bbox 136 2309 1677 2360; baseline -0.004 -4"><span class='ocrx_word' id='word_1_261' title='bbox 136 2315 189 2356; x_wconf 90' lang='lat' dir='ltr'>R.</span> <span class='ocrx_word' id='word_1_262' title='bbox 218 2315 269 2356; x_wconf 90' lang='lat' dir='ltr'>P.</span> <span class='ocrx_word' id='word_1_263' title='bbox 299 2312 490 2356; x_wconf 88' lang='lat' dir='ltr'>Madrid:</span> <span class='ocrx_word' id='word_1_264' title='bbox 518 2313 620 2354; x_wconf 93' lang='lat' dir='ltr'>Non</span> <span class='ocrx_word' id='word_1_265' title='bbox 643 2319 749 2354; x_wconf 91' lang='lat' dir='ltr'>sunt</span> <span class='ocrx_word' id='word_1_266' title='bbox 773 2312 991 2354; x_wconf 84' lang='lat' dir='ltr'>soluenda</span> <span class='ocrx_word' id='word_1_267' title='bbox 1013 2311 1145 2353; x_wconf 91' lang='lat' dir='ltr'>alicui</span> <span class='ocrx_word' id='word_1_268' title='bbox 1169 2310 1334 2360; x_wconf 88' lang='lat' dir='ltr'>debita,</span> <span class='ocrx_word' id='word_1_269' title='bbox 1362 2309 1447 2351; x_wconf 88' lang='lat' dir='ltr'>nisi</span> <span class='ocrx_word' id='word_1_270' title='bbox 1466 2309 1509 2350; x_wconf 82' lang='lat' dir='ltr'>in</span> <span class='ocrx_word' id='word_1_271' title='bbox 1529 2309 1677 2350; x_wconf 89' lang='lat' dir='ltr'>distri-</span> 
     </span>
     <span class='ocr_line' id='line_1_35' title="bbox 48 2368 1679 2428; baseline -0.004 -13"><span class='ocrx_word' id='word_1_272' title='bbox 48 2372 312 2415; x_wconf 86' lang='lat' dir='ltr'>butionibus</span> <span class='ocrx_word' id='word_1_273' title='bbox 335 2372 550 2428; x_wconf 86' lang='lat' dir='ltr'>capellae,</span> <span class='ocrx_word' id='word_1_274' title='bbox 577 2386 633 2413; x_wconf 92' lang='lat' dir='ltr'>ne</span> <span class='ocrx_word' id='word_1_275' title='bbox 655 2380 907 2424; x_wconf 79' lang='lat' dir='ltr'>agnoscant</span> <span class='ocrx_word' id='word_1_276' title='bbox 932 2370 1109 2412; x_wconf 84' lang='lat' dir='ltr'>molesti</span> <span class='ocrx_word' id='word_1_277' title='bbox 1133 2370 1265 2412; x_wconf 89' lang='lat' dir='ltr'>etiam</span> <span class='ocrx_word' id='word_1_278' title='bbox 1298 2368 1557 2410; x_wconf 87' lang='lat' dir='ltr'>creditores.</span> <span class='ocrx_word' id='word_1_279' title='bbox 1593 2369 1679 2409; x_wconf 88' lang='lat' dir='ltr'>Res</span> 
     </span>
     <span class='ocr_line' id='line_1_36' title="bbox 49 2428 1676 2487; baseline -0.003 -13"><span class='ocrx_word' id='word_1_280' title='bbox 49 2446 162 2487; x_wconf 89' lang='lat' dir='ltr'>quae</span> <span class='ocrx_word' id='word_1_281' title='bbox 181 2433 405 2475; x_wconf 89' lang='lat' dir='ltr'>habentur</span> <span class='ocrx_word' id='word_1_282' title='bbox 425 2445 506 2486; x_wconf 88' lang='lat' dir='ltr'>pro</span> <span class='ocrx_word' id='word_1_283' title='bbox 523 2430 739 2473; x_wconf 90' lang='lat' dir='ltr'>derelicto</span> <span class='ocrx_word' id='word_1_284' title='bbox 760 2429 859 2486; x_wconf 81' lang='lat' dir='ltr'>[sic]</span> <span class='ocrx_word' id='word_1_285' title='bbox 880 2438 985 2472; x_wconf 86' lang='lat' dir='ltr'>sunt</span> <span class='ocrx_word' id='word_1_286' title='bbox 1003 2429 1295 2479; x_wconf 82' lang='lat' dir='ltr'>inuenientis3</span> <span class='ocrx_word' id='word_1_287' title='bbox 1317 2428 1395 2469; x_wconf 92' lang='lat' dir='ltr'>sed</span> <span class='ocrx_word' id='word_1_288' title='bbox 1420 2429 1559 2468; x_wconf 90' lang='lat' dir='ltr'>multa</span> <span class='ocrx_word' id='word_1_289' title='bbox 1584 2441 1676 2469; x_wconf 88' lang='lat' dir='ltr'>sae-</span> 
     </span>
     <span class='ocr_line' id='line_1_37' title="bbox 50 2488 1678 2546; baseline -0.005 -12"><span class='ocrx_word' id='word_1_290' title='bbox 50 2506 100 2546; x_wconf 86' lang='lat' dir='ltr'>pe</span> <span class='ocrx_word' id='word_1_291' title='bbox 116 2498 224 2534; x_wconf 89' lang='lat' dir='ltr'>nota</span> <span class='ocrx_word' id='word_1_292' title='bbox 243 2505 332 2533; x_wconf 91' lang='lat' dir='ltr'>non</span> <span class='ocrx_word' id='word_1_293' title='bbox 350 2491 575 2533; x_wconf 88' lang='lat' dir='ltr'>habentur</span> <span class='ocrx_word' id='word_1_294' title='bbox 595 2505 675 2545; x_wconf 89' lang='lat' dir='ltr'>pro</span> <span class='ocrx_word' id='word_1_295' title='bbox 692 2490 937 2541; x_wconf 90' lang='lat' dir='ltr'>derelictis,</span> <span class='ocrx_word' id='word_1_296' title='bbox 960 2504 1090 2545; x_wconf 87' lang='lat' dir='ltr'>quae,</span> <span class='ocrx_word' id='word_1_297' title='bbox 1112 2488 1147 2530; x_wconf 86' lang='lat' dir='ltr'>si</span> <span class='ocrx_word' id='word_1_298' title='bbox 1167 2494 1336 2543; x_wconf 87' lang='lat' dir='ltr'>posset,</span> <span class='ocrx_word' id='word_1_299' title='bbox 1363 2494 1547 2541; x_wconf 88' lang='lat' dir='ltr'>cuperet</span> <span class='ocrx_word' id='word_1_300' title='bbox 1571 2499 1678 2527; x_wconf 90' lang='lat' dir='ltr'>sane</span> 
     </span>
     <span class='ocr_line' id='line_1_38' title="bbox 51 2550 727 2606; baseline -0.005 -13"><span class='ocrx_word' id='word_1_301' title='bbox 51 2565 278 2606; x_wconf 87' lang='lat' dir='ltr'>possessor</span> <span class='ocrx_word' id='word_1_302' title='bbox 301 2550 422 2592; x_wconf 89' lang='lat' dir='ltr'>illam</span> <span class='ocrx_word' id='word_1_303' title='bbox 446 2563 727 2605; x_wconf 89' lang='lat' dir='ltr'>recuperare.</span> 
     </span>
    </p>

    <p class='ocr_par' dir='ltr' id='par_1_13' title="bbox 49 2603 1679 2890">
     <span class='ocr_line' id='line_1_39' title="bbox 136 2603 1679 2671; baseline -0.005 -19"><span class='ocrx_word' id='word_1_304' title='bbox 136 2612 187 2652; x_wconf 91' lang='lat' dir='ltr'>R.</span> <span class='ocrx_word' id='word_1_305' title='bbox 218 2611 269 2652; x_wconf 92' lang='lat' dir='ltr'>P.</span> <span class='ocrx_word' id='word_1_306' title='bbox 297 2609 473 2653; x_wconf 90' lang='lat' dir='ltr'>Madrid</span> <span class='ocrx_word' id='word_1_307' title='bbox 492 2607 698 2651; x_wconf 87' lang='lat' dir='ltr'>dicebat</span> <span class='ocrx_word' id='word_1_308' title='bbox 689 2622 733 2649; x_wconf 89' lang='lat' dir='ltr'>m</span> <span class='ocrx_word' id='word_1_309' title='bbox 751 2607 944 2662; x_wconf 88' lang='lat' dir='ltr'>collegio</span> <span class='ocrx_word' id='word_1_310' title='bbox 962 2605 1221 2662; x_wconf 87' lang='lat' dir='ltr'>germanico</span> <span class='ocrx_word' id='word_1_311' title='bbox 1241 2618 1529 2671; x_wconf 83' lang='lat' dir='ltr'>quocumque</span> <span class='ocrx_word' id='word_1_312' title='bbox 1546 2603 1679 2644; x_wconf 91' lang='lat' dir='ltr'>modo</span> 
     </span>
     <span class='ocr_line' id='line_1_40' title="bbox 49 2643 1675 2734; baseline -0.005 -23"><span class='ocrx_word' id='word_1_313' title='bbox 49 2669 270 2711; x_wconf 85' lang='lat' dir='ltr'>iuuandos</span> <span class='ocrx_word' id='word_1_314' title='bbox 292 2683 408 2720; x_wconf 90' lang='lat' dir='ltr'>esse,</span> <span class='ocrx_word' id='word_1_315' title='bbox 436 2681 747 2734; x_wconf 81' lang='lat' dir='ltr'>quoscumque</span> <span class='ocrx_word' id='word_1_316' title='bbox 775 2643 1067 2722; x_wconf 88' lang='lat' dir='ltr'>pelliciendos</span> <span class='ocrx_word' id='word_1_317' title='bbox 1096 2666 1151 2707; x_wconf 86' lang='lat' dir='ltr'>ad</span> <span class='ocrx_word' id='word_1_318' title='bbox 1180 2664 1407 2706; x_wconf 83' lang='lat' dir='ltr'>exercitia.</span> <span class='ocrx_word' id='word_1_319' title='bbox 1441 2664 1542 2705; x_wconf 89' lang='lat' dir='ltr'>Non</span> <span class='ocrx_word' id='word_1_320' title='bbox 1573 2677 1675 2717; x_wconf 88' lang='lat' dir='ltr'>per-</span> 
     </span>
     <span class='ocr_line' id='line_1_41' title="bbox 51 2721 1679 2779; baseline -0.005 -9"><span class='ocrx_word' id='word_1_321' title='bbox 51 2728 316 2771; x_wconf 89' lang='lat' dir='ltr'>mittendum</span> <span class='ocrx_word' id='word_1_322' title='bbox 350 2735 398 2769; x_wconf 92' lang='lat' dir='ltr'>vt</span> <span class='ocrx_word' id='word_1_323' title='bbox 430 2727 722 2770; x_wconf 87' lang='lat' dir='ltr'>visitarentur</span> <span class='ocrx_word' id='word_1_324' title='bbox 755 2741 779 2768; x_wconf 92' lang='lat' dir='ltr'>a</span> <span class='ocrx_word' id='word_1_325' title='bbox 813 2726 1004 2767; x_wconf 88' lang='lat' dir='ltr'>diuersis</span> <span class='ocrx_word' id='word_1_326' title='bbox 1043 2723 1265 2779; x_wconf 79' lang='lat' dir='ltr'>religiosis</span> <span class='ocrx_word' id='word_1_327' title='bbox 1302 2721 1553 2773; x_wconf 89' lang='lat' dir='ltr'>domestici,</span> <span class='ocrx_word' id='word_1_328' title='bbox 1589 2735 1679 2762; x_wconf 91' lang='lat' dir='ltr'>non</span> 
     </span>
     <span class='ocr_line' id='line_1_42' title="bbox 50 2761 1679 2843; baseline -0.004 -15"><span class='ocrx_word' id='word_1_329' title='bbox 50 2795 196 2831; x_wconf 89' lang='lat' dir='ltr'>tamen</span> <span class='ocrx_word' id='word_1_330' title='bbox 229 2787 463 2843; x_wconf 85' lang='lat' dir='ltr'>impedire,</span> <span class='ocrx_word' id='word_1_331' title='bbox 500 2786 535 2828; x_wconf 92' lang='lat' dir='ltr'>si</span> <span class='ocrx_word' id='word_1_332' title='bbox 568 2787 737 2830; x_wconf 90' lang='lat' dir='ltr'>vellent</span> <span class='ocrx_word' id='word_1_333' title='bbox 771 2785 979 2841; x_wconf 86' lang='lat' dir='ltr'>religioni</span> <span class='ocrx_word' id='word_1_334' title='bbox 1012 2798 1111 2826; x_wconf 85' lang='lat' dir='ltr'>sese</span> <span class='ocrx_word' id='word_1_335' title='bbox 1125 2761 1264 2825; x_wconf 12' lang='lat' dir='ltr'>&amp;dare</span> <span class='ocrx_word' id='word_1_336' title='bbox 1302 2782 1547 2837; x_wconf 81' lang='lat' dir='ltr'>Agendum</span> <span class='ocrx_word' id='word_1_337' title='bbox 1582 2794 1679 2823; x_wconf 86' lang='lat' dir='ltr'>esse</span> 
     </span>
     <span class='ocr_line' id='line_1_43' title="bbox 49 2847 218 2890; baseline 0.006 -1"><span class='ocrx_word' id='word_1_338' title='bbox 49 2847 218 2890; x_wconf 85' lang='lat' dir='ltr'>dextre.</span> 
     </span>
    </p>

    <p class='ocr_par' dir='ltr' id='par_1_14' title="bbox 138 2898 1678 2957">
     <span class='ocr_line' id='line_1_44' title="bbox 138 2898 1678 2957; baseline -0.007 -8"><span class='ocrx_word' id='word_1_339' title='bbox 138 2908 192 2949; x_wconf 86' lang='lat' dir='ltr'>R.</span> <span class='ocrx_word' id='word_1_340' title='bbox 220 2908 271 2948; x_wconf 95' lang='lat' dir='ltr'>P.</span> <span class='ocrx_word' id='word_1_341' title='bbox 300 2904 476 2948; x_wconf 90' lang='lat' dir='ltr'>Madrid</span> <span class='ocrx_word' id='word_1_342' title='bbox 503 2905 729 2948; x_wconf 88' lang='lat' dir='ltr'>ordinauit</span> <span class='ocrx_word' id='word_1_343' title='bbox 753 2911 799 2945; x_wconf 89' lang='lat' dir='ltr'>vt</span> <span class='ocrx_word' id='word_1_344' title='bbox 829 2901 1235 2957; x_wconf 87' lang='lat' dir='ltr'>reprehenderetur</span> <span class='ocrx_word' id='word_1_345' title='bbox 1269 2899 1481 2941; x_wconf 80' lang='lat' dir='ltr'>Xrianus.</span> <span class='ocrx_word' id='word_1_346' title='bbox 1516 2898 1571 2940; x_wconf 90' lang='lat' dir='ltr'>de</span> <span class='ocrx_word' id='word_1_347' title='bbox 1600 2912 1678 2939; x_wconf 84' lang='lat' dir='ltr'>ve·</span> 
     </span>
    </p>
   </div>
   <div class='ocr_carea' id='block_1_4' title="bbox 120 3041 413 3081">
    <p class='ocr_par' dir='ltr' id='par_1_15' title="bbox 120 3041 413 3081">
     <span class='ocr_line' id='line_1_45' title="bbox 120 3041 413 3081; baseline 0 -12"><span class='ocrx_word' id='word_1_348' title='bbox 120 3047 159 3072; x_wconf 85' lang='lat' dir='ltr'>qq</span> <span class='ocrx_word' id='word_1_349' title='bbox 209 3041 321 3081; x_wconf 87' lang='lat' dir='ltr'>pacto</span> <span class='ocrx_word' id='word_1_350' title='bbox 340 3047 413 3073; x_wconf 85' lang='lat' dir='ltr'>ms.</span> 
     </span>
    </p>
   </div>
  </div>
 </body>
</html>
