1891 3292
606 160 1137 207 COMMENTARJOLA.—1565
1568 165 1636 209 649

52 263 230 306 modum
254 275 351 302 eam
375 260 602 302 ciuitatem
638 260 810 302 adiuuit
833 269 877 303 et
900 264 1159 306 consolatus
1182 272 1265 319 est,
1292 271 1337 307 et
1360 265 1414 306 ad
1438 265 1679 319 collegium

51 321 293 377 optandum
325 319 566 374 permouit,
595 320 715 373 quod
750 328 900 362 tamen
932 337 1019 363 non
1059 323 1477 377 impraesentiarum
1508 324 1680 366 admitti

52 382 212 424 debere
236 380 382 421 visum
407 386 490 429 est,
518 379 576 420 ob
597 379 905 433 operariorum
935 382 1009 434 qui
1044 382 1207 423 maturi
1236 390 1403 437 essent,
1433 384 1680 437 penuriam.

51 440 122 485 Sic
143 438 277 481 etiam
301 438 515 479 cardinali
540 438 718 480 Strozio
741 439 847 481 Albi
872 439 913 480 in
938 441 1184 494 Aquitania
1207 442 1450 496 collegium
1474 443 1678 484 offerenti

52 513 126 555 per
148 498 332 548 litteras,
360 497 547 540 concedi
573 512 661 537 non
686 498 848 552 potuit,
875 513 957 540 nec
982 500 1238 554 apamiense
1267 501 1525 555 collegium,
1557 516 1679 555 prae-

50 557 312 601 cedentibus
336 556 465 598 annis
488 557 543 598 ab
567 555 777 598 hereticis
800 559 1055 611 expulsum,
1087 560 1191 601 licet
1229 560 1467 615 episcopus
1490 560 1533 601 id
1560 571 1679 614 pete-

51 625 129 666 ret,
161 615 305 657 auctis
335 615 468 658 etiam
509 615 759 657 redditibus
790 616 958 670 primis,
992 618 1165 659 admitti
1198 619 1358 672 potuit;
1401 633 1484 662 nec
1517 620 1677 661 mirum

48 675 164 730 quod
187 675 274 716 hoc
298 689 417 716 anno
439 675 746 729 operariorum
778 689 867 717 non
898 677 1146 730 suppeterit
1179 678 1319 732 copia,
1351 692 1453 719 cum
1483 680 1539 721 ad
1563 693 1679 720 noua

48 734 234 788 collegia
253 733 501 788 praedicta,
528 741 571 776 et
605 734 661 775 ad
694 734 778 775 alia
801 735 1015 788 operariis
1045 736 1307 778 instruenda
1342 737 1383 778 in
1414 738 1675 787 Germania,

49 793 240 844 Boemia,
270 794 473 843 Polonia,
505 793 668 844 Gallia,
702 802 746 835 et
775 794 907 835 etiam
939 795 981 835 in
1014 796 1150 847 India,
1191 810 1326 851 supra
1358 809 1435 852 190
1466 798 1551 838 hoc
1580 797 1678 851 ipso

47 867 160 896 anno
183 866 238 894 ex
263 853 371 895 vrbe
396 854 539 894 Roma
562 852 706 893 missit
729 848 950 895 Sdcietas.

129 912 201 964 4¹5.
269 913 545 954 Marchenae
574 911 755 965 collegii
779 913 941 953 domus
964 913 1172 954 edificata
1196 917 1343 955 tuerat
1371 929 1394 955 a
1418 914 1599 955 ducissa
1623 914 1678 956 de

47 972 204 1024 Areos,
224 972 303 1012 sed
322 986 411 1012 non
436 972 542 1013 dum
569 972 737 1022 dotata;
764 985 867 1012 curn
891 979 1057 1023 autem,
1078 973 1150 1014 illa
1176 982 1363 1014 mortem
1394 973 1555 1025 obiret,
1584 984 1677 1014 tan—

46 1038 134 1072 turn
160 1045 214 1072 ex
238 1031 467 1072 dotalibus
491 1030 584 1072 suis
617 1030 750 1072 bonis
779 1031 959 1085 reliquit
983 1031 1134 1088 vn[de]
1159 1039 1176 1062 g
1201 1032 1403 1073 redditus
1436 1034 1530 1075 fere
1561 1032 1677 1074 mille

44 1090 308 1132 ducatorum
333 1089 421 1132 emi
448 1098 646 1144 possent;
672 1090 769 1131 eius
788 1098 938 1133 autem
960 1100 1100 1132 mater
1120 1091 1420 1133 marchionisa
1439 1092 1493 1133 de
1520 1092 1678 1143 Pliego

45 1163 171 1191 suurn
190 1149 431 1203 collegium
454 1149 657 1192 Montille
674 1149 840 1203 alioqui
861 1150 1115 1201 fundatum,
1139 1150 1389 1193 redditibus
1408 1151 1675 1204 quingento-

44 1222 138 1249 rum
162 1208 429 1250 ducatorum
455 1224 533 1263 per
556 1210 707 1250 sedern
734 1209 1026 1263 apostolicam
1052 1210 1375 1263 applicatorum
1400 1210 1540 1252 auxit.
1570 1210 1677 1251 Col-

43 1267 207 1322 legium
247 1268 542 1322 valentinum,
585 1268 951 1319 salamantinum,
987 1276 1031 1310 et
1072 1269 1327 1323 hispalense
1360 1268 1678 1312 ecclesiasticis

43 1326 291 1369 redditibus
314 1327 550 1382 applicatis
573 1336 706 1369 aucta
725 1329 924 1379 fuerunt;
946 1336 990 1369 et
1011 1330 1151 1370 multo
1175 1329 1321 1383 magis
1343 1329 1673 1382 complutense,

43 1385 290 1428 redditibus
313 1387 467 1442 oppidi
491 1388 547 1430 de
580 1388 935 1439 Nabalcarnero‚
969 1388 1044 1428 vbi
1073 1388 1206 1431 etiam
1231 1387 1520 1442 collegiolum
1546 1387 1669 1428 insti-

42 1452 186 1486 tutum
211 1453 294 1487 est.

123 1516 194 1557 47.
262 1505 378 1547 Cum
405 1507 544 1559 pestis
567 1506 611 1547 in
637 1505 821 1548 ciuitate
844 1505 1121 1560 logroniensi
1147 1513 1351 1560 grassata
1374 1505 1466 1554 diu,
1496 1505 1674 1546 tandem

41 1563 235 1606 extincta
259 1572 394 1615 esset,
427 1565 470 1606 in
506 1566 656 1606 locum
686 1565 909 1608 demortui
939 1566 1126 1607 rectoris
1159 1573 1203 1607 et
1231 1565 1421 1607 aliorum
1451 1564 1675 1619 operario—

41 1637 133 1665 rum
158 1623 232 1665 alii
263 1623 472 1665 submissi
499 1624 697 1675 fuerunt,
731 1625 807 1679 qui
836 1639 938 1666 cum
965 1626 1160 1666 maximo
1184 1624 1404 1679 spirituali
1431 1625 1581 1665 fructu
1613 1623 1672 1664 ibi

39 1690 138 1724 sunt
164 1683 342 1733 uersati,
369 1690 413 1726 et
436 1684 679 1738 collegium
706 1685 825 1738 quod
851 1685 973 1739 prius
996 1685 1187 1736 iacebat,
1219 1684 1261 1725 in
1298 1683 1607 1738 spiritualibus
1630 1691 1674 1725 et

39 1741 165 1783 simul
189 1743 511 1797 temporalibus
534 1751 601 1786 est
626 1751 828 1795 auctum,
849 1753 893 1786 et
911 1756 997 1797 400
1016 1744 1165 1786 aureis
1183 1743 1346 1786 annuis
1363 1744 1567 1784 dotatum
1587 1749 1669 1784 est.

40 1801 200 1856 Burgis
224 1801 378 1845 itidem
397 1816 501 1844 cum
525 1803 665 1857 pestis
688 1803 900 1854 saeuiret,
926 1806 975 1845 P.
1003 1804 1179 1858 Gaspar
1204 1804 1258 1845 de
1289 1802 1506 1845 Acebedo
1530 1808 1675 1843 rector

37 1874 158 1902 suam
178 1875 361 1915 operam
382 1862 490 1903 nulli
510 1863 844 1917 aegrotantium
864 1863 1140 1917 denegabat.
1164 1864 1295 1905 Vnde
1314 1876 1415 1903 cum
1436 1876 1460 1902 a
1479 1861 1672 1914 quodam

38 1934 89 1962 ex
111 1920 290 1975 populo,
323 1921 398 1975 qui
423 1930 549 1975 peste
574 1923 808 1964 laborabat
837 1922 1100 1973 accersitus,
1133 1924 1188 1964 de
1217 1922 1383 1964 lectulo
1407 1929 1542 1962 noctu
1573 1934 1671 1961 sur-

38 1978 238 2031 rexisset,
266 1988 313 2022 vt
335 1981 674 2032 moribundum,
701 1982 854 2024 audita
878 1982 976 2025 eius
999 1981 1285 2024 confessione
1308 1980 1583 2029 iuuaret,ab
1602 1993 1672 2022 eo-

36 2037 132 2080 dem
157 2047 330 2093 pestem
349 2041 533 2082 domum
559 2040 730 2092 retulit,
752 2056 840 2095 qua
862 2041 959 2096 ipse
982 2048 1027 2084 et
1051 2050 1140 2083 tres
1165 2041 1236 2083 alii
1261 2041 1425 2082 mortui
1450 2046 1573 2087 sunt,
1596 2038 1670 2092 qui

36 2097 264 2140 charitatis
293 2099 429 2142 etiam
470 2100 782 2143 functionibus
819 2101 1059 2151 vacabant;
1092 2101 1164 2142 alii
1205 2100 1324 2142 enim
1354 2109 1478 2141 extra
1518 2099 1671 2139 urbem

36 2156 154 2198 missi
174 2159 426 2212 fuerant,et
444 2160 535 2202 duo
555 2160 841 2203 coadiutores
859 2160 1018 2214 reliqui
1038 2160 1080 2202 in
1103 2160 1300 2201 vicinum
1320 2158 1560 2213 collegium
1582 2157 1671 2199 bel-

36 2214 271 2260 limarense
301 2219 677 2274 commigrarunt,
709 2227 754 2263 et
786 2221 991 2261 clausurn
1024 2219 1269 2275 collegium
1302 2220 1533 2272 burgense
1564 2216 1668 2258 reli—

37 2285 243 2328 querunt.
272 2277 369 2320 Sub
393 2279 480 2320 hoc
505 2286 683 2333 tempus
707 2292 860 2321 comes
883 2279 1056 2321 stabilis
1079 2279 1153 2333 qui
1178 2286 1394 2321 executor
1413 2275 1671 2318 testamenti

37 2334 271 2377 cardinalis
303 2336 559 2394 [Mendoza]
584 2337 603 2363 ¹²
626 2339 897 2380 auctoritate
925 2338 1172 2393 apostolica
1196 2346 1304 2386 erat,
1335 2335 1576 2387 collegium
1601 2334 1666 2375 in-

36 2392 160 2447 signe
185 2395 271 2437 iam
301 2403 560 2439 extructum
599 2398 839 2440 cardinalis
879 2397 1094 2451 praedicti
1118 2397 1348 2452 impensis,
1389 2402 1433 2437 et
1467 2395 1669 2435 dotatum

36 2452 124 2496 fere
146 2454 266 2496 mille
289 2456 438 2499 aureis
461 2457 598 2499 annui
625 2457 844 2508 redditus,
871 2457 1089 2501 Societati
1110 2456 1307 2508 tradidit,
1336 2454 1455 2509 quod
1480 2462 1523 2495 et
1551 2466 1667 2494 sum-

34 2525 130 2554 mus
152 2513 355 2566 pontifex
379 2516 680 2568 confirmauit,
702 2524 746 2559 et
769 2517 920 2559 denuo
939 2517 1154 2560 Societati
1178 2515 1323 2557 eidem
1349 2512 1606 2568 applicauit.

116 2572 188 2624 48.
255 2574 296 2616 Α
325 2575 518 2630 collegio
547 2576 889 2621 Calatabelotte.
924 2577 1046 2631 quod
1074 2584 1168 2617 erat
1198 2575 1242 2615 in
1281 2573 1448 2623 Sicilia,
1478 2584 1666 2626 paruum

34 2630 288 2694 admodum,
325 2641 370 2675 et
398 2635 515 2678 male
547 2636 765 2688 dotatum,
807 2649 909 2677 cum
945 2635 1138 2689 quadam
1178 2632 1471 2688 obligatione,
1513 2637 1668 2671 nostro

32 2689 235 2732 instituto
261 2707 351 2734 non
375 2707 593 2746 consona,
619 2696 804 2737 scholae
827 2696 1049 2745 sublatae,
1076 2695 1193 2735 bona
1217 2707 1319 2734 cum
1344 2690 1474 2732 venia
1507 2690 1668 2730 funda-

33 2748 150 2801 toris,
176 2750 381 2795 Bibonae
408 2753 551 2805 ducis,
581 2762 626 2796 et
655 2754 808 2810 oppidi
842 2754 1046 2798 redditus
1078 2752 1220 2795 relicti
1252 2758 1374 2802 sunt;
1402 2763 1490 2791 non
1517 2756 1666 2790 tamen

33 2814 97 2848 est
119 2809 363 2865 collegium
386 2811 675 2856 dissolutum.

115 2879 186 2923 49.
252 2871 319 2912 Ex
362 2871 554 2925 collegio
594 2873 793 2915 Murciae
836 2885 1083 2914 excurrens
1124 2885 1199 2925 per
1238 2868 1400 2924 oppida
1439 2875 1483 2910 et
1522 2879 1664 2922 pagos

193 3001 211 3008 a.

98 3006 116 3030 z
164 3010 214 3033 vn
228 3011 299 3035 ms.
355 3002 418 3028 -h
444 3002 524 3036 Pro
542 3002 611 3036 hoc
629 3002 756 3043 verbo,
781 3002 821 3036 in
843 3013 914 3036 ms.
936 3002 1084 3035 lacuna
1105 3003 1171 3034 est.
