1891 3292
466 173 1129 209 EPHEMER1DES.—FEBR.—MART.
1155 176 1242 218 1556
1550 173 1618 218 583

41 281 265 331 Rutgerus
282 281 327 317 et
346 273 577 316 Consaluo
594 271 616 315 f.
646 273 862 314 Loretum
885 288 991 316 vero
1016 275 1204 317 Ioannes
1228 274 1383 328 Saluo,
1410 275 1600 317 Carolus
1622 282 1667 316 et

38 334 303 383 Franciscus
336 333 641 382 Sermonetta3
678 331 909 386 Georgius
943 347 1151 385 graecus,
1188 334 1419 385 Venetias;
1457 342 1500 376 et
1531 335 1664 378 Vien-

39 410 155 449 nam,
181 392 412 436 Henricus
436 390 731 441 louaniensis;
758 405 916 434 omnes
945 403 1011 444 17.

128 464 193 508 17,
220 450 527 492 intelleximus
552 450 672 503 quod
695 449 908 490 dominus
932 452 1121 492 Ioannes
1143 452 1199 494 de
1222 452 1443 493 Mendoza
1466 450 1665 494 Societa-

39 515 69 557 ti
86 519 265 555 nostrae
282 524 382 552 sese
399 508 663 558 dedidisset,
686 508 761 561 qui
787 509 843 549 26
873 516 949 550 aut
976 521 1029 562 27
1058 525 1199 552 annos
1230 521 1364 551 natus
1392 525 1539 553 arcem
1564 525 1667 553 nea-

41 572 281 631 politanam
306 569 448 610 multo
472 576 679 622 tempore
704 576 895 610 rexerat.

130 630 179 674 18
207 628 343 671 huius
372 627 679 670 intelleximus
708 638 843 680 quam
869 626 1132 669 mirabiliter
1163 642 1262 670 sese
1291 635 1470 683 gereret
1495 629 1555 670 M.
1587 629 1668 670 Pe-

40 701 132 735 trus
155 687 458 731 Ribaddinera
480 686 525 727 in
551 685 760 727 Flandria
783 685 827 726 in
852 686 1149 727 concionibus
1172 686 1322 728 latinis
1340 695 1383 729 et
1403 686 1665 741 hispanicis,

40 752 84 794 in
116 747 418 790 familiaritate
447 745 575 786 ducis
598 745 654 786 de
678 744 806 786 Feria
829 751 860 794 g,
894 745 1089 799 denique
1113 745 1157 786 in
1188 747 1400 787 omnibus
1429 745 1670 789 Societatis

41 807 234 864 negotiis
256 804 603 860 pertractandis.

132 879 182 922 19
210 865 345 907 huius
373 864 628 918 intelligere
661 862 844 905 volebat
879 863 932 905 R.
972 864 1023 905 P.
1057 863 1260 917 Ignatius
1290 878 1343 905 ex
1373 863 1565 917 singulis
1593 863 1671 916 qui

43 940 243 970 carceres
265 923 523 973 visitabant,
551 929 770 976 quantum
798 922 974 962 fructus
997 922 1141 974 fieret,
1169 922 1350 965 nolebat
1374 923 1491 963 enim
1517 936 1670 976 quem-

42 1001 128 1042 que
149 985 224 1026 illo
247 983 312 1026 ire
343 982 429 1025 nisi
453 983 629 1023 fructus
647 980 809 1035 aliquis
826 981 1062 1023 afferretur
1081 981 1349 1032 animarum3
1372 981 1671 1036 deprehendit

42 1053 189 1090 autem
208 1042 333 1084 brevi
352 1041 565 1096 temporis
582 1040 744 1095 spatio,
766 1040 917 1094 plures
936 1054 1069 1093 quarn
1094 1048 1276 1082 centum
1300 1042 1534 1084 confessos
1552 1054 1667 1093 esse;

46 1103 243 1148 decreuit
267 1109 418 1144 autem
442 1101 560 1142 idern
584 1102 672 1141 hoc
694 1099 875 1154 saepius
898 1099 1141 1152 inquirere.

130 1175 201 1216 23,
230 1168 473 1203 cantarunt
505 1159 664 1210 nostri,
698 1159 824 1200 iussu
854 1160 907 1200 R.
943 1160 996 1201 P.
1031 1158 1209 1212 Ignatii,
1237 1174 1250 1195 (ε
1263 1159 1327 1199 Te
1351 1161 1497 1200 Deum
1521 1158 1674 1200 lauda·

48 1237 170 1266 mus»
203 1221 248 1262 in
273 1220 457 1274 templo,
485 1220 544 1261 ob
569 1217 905 1260 foelicissimum
929 1217 1156 1268 nuntium,
1183 1217 1303 1272 quod
1326 1218 1467 1272 pridie
1491 1218 1675 1259 allatum

47 1290 139 1326 erat
167 1281 222 1323 de
255 1279 450 1321 induciis
485 1288 507 1332 5
543 1292 765 1320 annorum
797 1277 916 1319 inter
945 1277 1261 1331 imperatorem
1288 1284 1332 1319 et
1355 1277 1575 1331 gallorum
1601 1291 1672 1319 re-

45 1356 163 1398 gem,
182 1341 329 1393 deque
347 1336 572 1387 helvetiis,
595 1338 717 1392 quod
741 1351 820 1392 per
844 1336 1063 1391 quosdam
1083 1336 1258 1389 legatos
1276 1335 1351 1389 qui
1376 1336 1460 1377 iam
1487 1337 1675 1378 Romam

49 1406 283 1453 venerant,
317 1397 587 1441 obedentiae
616 1396 736 1439 sedis
770 1396 1043 1450 apostolicae
1074 1395 1303 1436 humiliter
1331 1409 1379 1437 se
1408 1395 1674 1438 reddebant.

134 1471 190 1512 24
213 1458 349 1500 huius
380 1457 504 1500 venit
535 1457 590 1498 ad
619 1454 861 1511 collegium
889 1455 1184 1496 Hieronimus
1214 1468 1316 1495 cum
1348 1454 1472 1495 socio
1502 1468 1585 1496 suo
1616 1455 1678 1495 lo-

49 1520 204 1574 sepho‚
228 1518 509 1572 Alphonsus,
544 1515 935 1565 Bartholomaeus,
972 1514 1218 1567 Emericus,
1245 1513 1476 1567 Georgius
1499 1521 1542 1554 et
1567 1514 1678 1555 Tra-

50 1579 194 1621 ianus.

138 1647 209 1691 25,
242 1644 451 1678 mortuus
479 1642 548 1677 est
577 1640 622 1675 et
652 1633 859 1688 sepultus
889 1631 1210 1675 dilectissimus
1240 1632 1380 1674 frater
1409 1639 1564 1674 noster
1594 1632 1681 1673 Pe—

52 1704 144 1739 trus
167 1695 411 1746 Antonius,
431 1694 507 1749 qui
532 1693 666 1748 paulo
685 1700 790 1735 ante
814 1699 1003 1735 mortem
1028 1691 1216 1734 mirabili
1240 1691 1412 1733 visione
1437 1691 1682 1732 multorum

51 1756 124 1811 qui
153 1771 208 1798 ex
237 1755 465 1799 Societate
494 1753 608 1795 salui
631 1760 775 1807 erant,
803 1751 965 1794 mirum
990 1752 1035 1792 in
1059 1751 1241 1792 modum
1267 1750 1559 1804 exhilaratus,
1591 1749 1686 1793 feli·

50 1815 228 1858 cissime
249 1814 422 1869 quieuit
445 1813 491 1854 in
515 1812 727 1854 Domino.

140 1873 369 1929 Principio
393 1872 542 1916 Martii
562 1871 868 1913 intelleximus
892 1869 1080 1913 eximios
1104 1883 1276 1924 agones
1300 1869 1486 1910 fratrum
1510 1874 1684 1910 nostro-

52 1949 146 1976 rum
181 1934 225 1975 in
260 1934 386 1975 india
419 1931 690 1982 brasiliensi,
723 1937 767 1974 et
798 1929 1047 1972 martirium
1079 1929 1213 1971 simul
1248 1929 1440 1970 duorum
1477 1928 1682 1977 fratrum,

52 1993 126 2048 qui
149 1993 388 2048 gentilium
416 1991 516 2034 telis
539 1990 738 2033 confossi
762 1997 905 2033 erant.

138 2054 209 2095 Ad
250 2052 524 2094 dominicam
566 2051 768 2101 Laetare,
808 2063 924 2103 quae
965 2055 1062 2091 erat
1107 2057 1154 2101 15
1196 2046 1360 2099 Martii,
1399 2052 1686 2088 concesserat

53 2112 99 2156 S.
126 2113 174 2156 S.
203 2111 449 2167 plenariam
473 2109 655 2152 iubilaei
679 2108 1011 2163 indulgentiam
1037 2121 1117 2162 pro
1143 2120 1268 2162 pace.

145 2184 197 2225 14
226 2171 362 2213 huius
391 2171 575 2213 iuerunt
605 2169 820 2211 Loretum
856 2169 1046 2209 Ioannes
1079 2167 1135 2209 de
1168 2164 1376 2209 Martinis
1409 2171 1454 2207 et
1487 2165 1686 2206 Thomas

53 2231 229 2283 sardus;
258 2230 493 2273 Perusiam
518 2243 627 2272 vero
650 2228 835 2271 Gabriel
858 2225 1150 2269 modinensis.

139 2291 229 2332 Ista
248 2287 599 2344 quadragesima
617 2287 837 2330 acerrime
859 2286 1219 2328 concionabatur
1241 2285 1289 2326 R.
1316 2285 1365 2325 P.
1394 2283 1599 2337 Layenes
1619 2279 1688 2322 bis

53 2362 130 2403 per
147 2350 478 2392 hebdomadam
498 2347 731 2402 hispanice
749 2347 793 2387 in
819 2347 986 2401 templo
1009 2346 1057 2388 S.
1083 2343 1231 2386 Iacobi
1254 2343 1576 2397 Hispanorum.
1601 2340 1685 2381 Ex-

53 2408 249 2463 plicabat
273 2409 408 2451 etiam
437 2410 555 2451 Acta
580 2407 904 2462 Apostolorum
934 2405 1094 2447 diebus
1118 2403 1242 2446 festis
1274 2402 1317 2443 in
1342 2402 1509 2455 templo
1532 2406 1687 2441 nostro

54 2481 196 2522 usque
221 2468 277 2510 ad
302 2469 469 2510 festum
493 2467 542 2510 S.
570 2465 740 2509 Mariae
762 2465 1048 2520 Magdalene.

141 2539 191 2570 21
218 2527 355 2569 huius
385 2540 600 2581 prospera
624 2538 832 2579 quaeque
856 2522 1162 2567 intelleximus
1184 2521 1241 2563 de
1263 2521 1325 2563 M.
1354 2520 1491 2561 Petro
1522 2516 1685 2559 Ribad-

54 2585 223 2640 dinera,
251 2586 327 2641 qui
351 2586 469 2629 inter
491 2592 672 2628 caetera
695 2583 830 2628 etiam
855 2585 942 2625 hoc
967 2579 1225 2637 impetrauit
1249 2594 1273 2620 a
1296 2577 1500 2634 principe
1523 2575 1686 2630 Hispa-

54 2644 246 2697 niarum,
267 2654 314 2687 vt
332 2645 434 2687 loco
453 2644 560 2687 Dni·.
589 2643 769 2686 Ioannis
792 2644 847 2685 de
871 2642 1109 2691 Mendoza,
1136 2642 1272 2681 trater
1294 2637 1391 2680 eius
1414 2649 1564 2679 arcem
1583 2648 1688 2677 nea-

55 2705 296 2762 politanam
322 2705 616 2759 gubernaret.

138 2765 191 2806 28
215 2764 419 2807 eiusdem
446 2762 624 2818 publice
647 2761 795 2815 nobis,
820 2761 949 2802 iussu
974 2761 1026 2801 R.
1057 2759 1108 2800 P.
1135 2755 1277 2798 nostri
1306 2753 1487 2809 Ignatii,
1520 2752 1685 2794 indica-

54 2828 145 2865 tum
170 2831 238 2867 est
262 2822 478 2878 peculiari
502 2821 650 2877 gratia
674 2821 857 2863 studere
879 2819 923 2860 in
947 2816 1140 2871 collegio
1164 2821 1319 2857 nostro
1342 2813 1602 2863 Traianum,
1629 2811 1684 2852 li-

55 2889 126 2924 cet
147 2897 236 2924 non
261 2889 381 2926 esset
404 2881 503 2925 eius
521 2881 658 2923 animi
682 2887 730 2922 vt
749 2880 884 2923 vellet
915 2892 962 2921 se
986 2878 1092 2919 dare
1121 2873 1354 2919 Societati.
1386 2873 1526 2926 quue
1550 2870 1689 2927 preci-

124 3013 137 3039 f
181 3023 253 3048 con
272 3012 389 3048 Saluo
407 3023 479 3048 ms.
534 3021 598 3045 ——g
624 3011 743 3045 Feres
760 3020 833 3044 ms,
