1891 3292
239 155 306 190 638
749 155 934 189 POLANCI
960 163 1274 189 COMPLEMENTA

195 257 429 299 lectionem
461 255 644 307 addidit,
674 262 719 296 et
748 269 922 297 summa
956 256 1207 310 frequentia
1239 264 1283 299 et
1317 258 1576 300 celebritate
1610 267 1808 312 permota

196 315 462 357 vniuersitas
491 327 592 355 cum
629 314 877 363 monachis,
904 328 950 355 se
980 314 1205 369 opposuit,
1237 322 1282 356 et
1319 316 1535 358 lectiones
1567 316 1809 372 interdixit,

193 374 269 415 sed
297 373 673 414 tumultuantibus
695 372 993 426 auditoribus,
1016 375 1342 428 parlamentum
1362 382 1539 416 nostros
1563 389 1749 430 pergere
1770 378 1813 420 in

194 432 462 474 lectionibus
486 431 629 474 iussit.

289 503 352 542 14.
420 490 514 533 Sub
543 492 654 532 haec
685 499 901 544 tempora,
935 490 1071 544 pestis
1104 498 1323 533 rectorem
1353 492 1533 547 collegii
1563 492 1810 546 logronien-

192 549 267 599 sis,
293 550 349 591 de
374 549 518 590 medio
543 548 659 599 tulit,
685 549 791 590 dum
816 562 943 590 suam
968 563 1147 604 operam
1181 550 1314 604 priori
1345 550 1604 594 monasterii
1628 550 1703 594 Ssti
1725 554 1814 594 Do-

195 608 359 659 minici,
384 622 407 648 a
431 607 564 648 sociis
586 608 642 648 ob
667 614 838 661 pestem
862 608 1090 659 destituto,
1111 609 1154 650 in
1179 609 1464 652 confessione
1487 609 1708 651 audienda
1731 625 1828 654 non.
1886 619 1891 656 .’

196 674 346 717 negat.
375 666 465 708 Alii
489 674 532 709 et
552 667 643 709 fere
667 680 822 707 omnes
845 680 946 708 cum
973 667 1122 722 populi
1147 682 1311 722 magna
1329 668 1630 720 edificatione,
1657 670 1761 710 dum
1780 671 1818 712 ei

195 739 374 779 operam
399 739 524 766 suam
550 739 638 767 non
663 732 847 779 negant,
868 725 1023 768 eadem
1048 727 1121 768 lue
1143 727 1346 779 extincti,
1367 727 1411 768 in
1432 727 1658 770 meliorem
1684 728 1818 770 vitam

195 800 219 825 a
238 784 332 826 Deo
357 784 558 825 translati
583 792 703 825 sunt.
737 784 1101 838 Cesaraugustae
1131 800 1253 838 vero,
1290 785 1451 827 mirum
1482 786 1526 827 in
1552 786 1732 828 modum
1755 801 1820 829 se-

197 843 348 884 uiente
382 851 523 896 peste,
559 843 708 883 studia
741 842 1050 897 philosophiae
1088 843 1303 899 dissipata
1342 845 1541 895 fuerunt,
1577 853 1620 886 et
1659 859 1820 899 magna

198 916 298 955 pars
321 901 624 955 collegialium
659 916 737 955 per
768 915 960 955 regnum
991 902 1208 956 dispersa,
1245 917 1347 944 cum
1377 917 1552 945 summa
1581 903 1819 946 multorum

197 960 507 1002 aedificatione
530 967 574 1002 et
599 960 767 1013 optimo
790 960 1030 1003 Societatis
1053 961 1188 1003 odore
1216 969 1390 1004 versata
1420 970 1503 1005 est.
1532 962 1648 1004 Cum
1672 969 1819 1005 autem

199 1020 222 1061 8
253 1019 417 1060 ibidem
453 1019 739 1073 mansissent,
775 1028 863 1061 tres
892 1020 1166 1069 sacerdotes,
1200 1021 1275 1074 qui
1305 1024 1453 1076 aegris
1482 1030 1525 1064 et
1554 1020 1674 1062 sanis
1703 1022 1822 1063 omni

197 1078 346 1119 studio
369 1078 618 1131 spiritualia
646 1077 973 1130 ministrabant,
1008 1086 1052 1120 et
1083 1079 1267 1121 totidem
1301 1080 1400 1121 laici
1435 1089 1560 1134 peste
1594 1080 1820 1135 absumpti
1882 1096 1886 1114 τ

198 1144 320 1189 sunt,
348 1137 439 1177 duo
463 1137 637 1190 reliqui,
664 1136 765 1178 licet
790 1145 978 1190 vterque
1006 1138 1163 1179 eodem
1193 1140 1350 1180 morbo
1380 1138 1641 1191 laborarint,
1665 1153 1821 1181 euase-

202 1204 305 1237 runt
330 1195 594 1250 periculum.

295 1265 360 1307 15.
427 1255 473 1295 In
503 1254 652 1297 Gallia
682 1261 957 1296 turnonense
990 1255 1232 1308 collegium
1267 1270 1443 1298 cessare
1477 1256 1608 1299 etiam
1645 1263 1823 1311 propter
1886 1275 1891 1297 :

203 1321 370 1368 pestem
407 1313 562 1356 debuit
592 1329 616 1355 a
645 1313 916 1362 scholarum,
949 1321 992 1355 et
1021 1313 1288 1356 concionum
1319 1315 1486 1366 studio,
1519 1315 1821 1358 auenionense

201 1373 333 1416 etiam
358 1373 585 1426 pulsatum
610 1380 692 1422 est,
720 1378 763 1412 et
784 1372 965 1413 scholae
989 1373 1047 1413 ob
1070 1373 1187 1414 luem
1213 1373 1374 1416 dilatae
1391 1374 1436 1415 in
1459 1381 1723 1428 sequentem
1747 1388 1820 1415 an-

201 1446 323 1481 num,
350 1431 393 1471 in
417 1432 502 1472 hoc
527 1430 689 1485 alioqui
713 1430 993 1484 aperiendae,
1016 1431 1181 1486 quippe
1198 1432 1333 1474 domo
1357 1433 1420 1475 eis
1439 1433 1524 1474 iam
1549 1433 1778 1486 assignata
1799 1447 1824 1474 a
1886 1447 1891 1475 <2

203 1498 407 1532 ciuitate.

296 1550 360 1591 16.
429 1548 645 1590 Dedicata
667 1554 734 1589 est
764 1547 953 1588 ecclesia
986 1562 1103 1589 noua
1136 1549 1315 1603 collegii
1345 1549 1573 1600 billiomei,
1605 1557 1649 1592 et
1679 1549 1824 1592 extrui

200 1615 327 1662 cepte
352 1608 504 1648 schole
528 1621 660 1656 noue,
686 1614 729 1647 et
754 1607 995 1660 collegium
1030 1608 1356 1661 conuictorum,
1392 1624 1446 1652 ex
1470 1616 1595 1663 parte
1618 1607 1824 1663 expensis
1888 1629 1891 1636 ·

200 1666 395 1708 ciuitatis
408 1699 417 1709 .

296 1735 360 1777 17.
427 1726 472 1765 In
498 1723 763 1766 moriacensi
786 1724 976 1778 collegio
1000 1725 1181 1766 scholae
1204 1733 1384 1780 apertae
1402 1734 1525 1777 sunt,
1551 1734 1594 1769 et
1618 1728 1822 1780 frequen-

203 1783 359 1826 tissimi
383 1783 638 1824 scholastici
661 1797 713 1824 eo
737 1783 949 1825 accedere
973 1792 1205 1837 ceperunt.

296 1843 360 1885 18.
435 1842 575 1884 Pestis
613 1842 788 1883 scholas
826 1842 1104 1884 colonienses
1141 1843 1388 1897 dissipauit,
1431 1843 1736 1898 moguntinas,
1783 1851 1825 1884 et

204 1911 499 1949 treuerenses‚
526 1909 569 1943 et
593 1901 917 1955 oenipontanas
941 1901 983 1941 in
1008 1903 1236 1954 superiore
1257 1911 1299 1944 et
1323 1902 1532 1945 inferiore
1555 1902 1820 1954 Germania;

200 1969 243 2002 et
267 1961 420 2015 paucis
445 1960 606 2001 relictis
630 1960 684 2000 ad
710 1959 859 2013 populi
882 1959 1213 2002 edificationem
1237 1970 1280 2001 et
1310 1961 1541 2012 auxilium,
1567 1961 1823 2015 collegiales

205 2019 456 2073 moguntini
480 2027 523 2061 et
547 2018 836 2073 oenipontani
866 2018 1052 2072 dispersi
1082 2029 1186 2060 sunt
1218 2034 1293 2073 per
1323 2020 1445 2061 varia
1477 2021 1574 2063 loca
1603 2034 1704 2062 cum
1738 2034 1822 2062 ma-

202 2092 294 2132 gno
318 2079 483 2120 fructu.

299 2149 365 2192 19.
430 2136 679 2190 Collegium
710 2135 943 2190 Herbipoli
974 2137 1029 2177 ab
1059 2137 1269 2191 episcopo
1299 2138 1575 2179 Franconiae
1605 2138 1722 2179 duce
1752 2152 1825 2180 ex-

206 2195 408 2249 petitum,
432 2202 476 2236 et
504 2195 736 2237 Pultouiae
760 2195 802 2235 in
831 2194 1015 2236 Polonia
1038 2197 1092 2237 ab
1115 2197 1327 2250 episcopo
1351 2197 1566 2250 plocensi,
1590 2204 1634 2245 et
1657 2196 1824 2250 episco-
1851 2194 1855 2197 ⁴

206 2269 259 2309 po
294 2254 588 2310 Comendono
620 2253 784 2294 nuncio
815 2255 1001 2295 multum
1037 2256 1325 2308 postulatum,
1362 2255 1605 2297 admissum
1642 2262 1725 2306 est,
1762 2269 1827 2297 se·
1887 2271 1891 2296 :

206 2313 361 2367 quenti
388 2321 533 2355 tamen
556 2327 674 2353 anno
697 2312 1013 2354 inchoandum.

295 2383 363 2413 20.
431 2371 668 2413 Mediolani
706 2373 754 2413 P.
792 2370 1064 2412 Benedictus
1099 2372 1297 2413 Palmius
1326 2372 1620 2414 concionibus
1646 2372 1822 2422 claruit,

206 2438 248 2473 et
272 2431 528 2484 postulante
546 2430 757 2472 cardinali
780 2431 1039 2478 Borromeo,
1063 2445 1179 2471 nona
1198 2431 1490 2484 Septembris,
1512 2446 1565 2473 eo
1587 2432 1825 2486 collegium
1884 2467 1887 2469 ,

211 2489 393 2530 missum
418 2496 500 2531 est.

296 2560 366 2590 21.
433 2549 561 2590 Nona
595 2546 888 2601 Septembris,
925 2547 1107 2589 ciuitate
1145 2547 1401 2589 callaritana
1439 2548 1483 2589 in
1517 2548 1741 2602 Sardinia,
1784 2555 1827 2590 et
1887 2568 1891 2588 .-

209 2620 395 2661 prorege
417 2606 602 2658 insulae,
623 2616 665 2648 et
688 2607 784 2659 ipso
806 2605 937 2647 etiam
962 2605 1298 2660 archiepiscopo
1317 2615 1568 2661 expetente,
1588 2608 1825 2662 collegium

207 2681 261 2708 eo
286 2666 470 2706 missum
495 2673 576 2716 est,
605 2665 724 2719 quod
746 2679 771 2705 a
796 2665 846 2705 P.
876 2665 1136 2717 Balthasare
1162 2664 1314 2715 Pisias,
1336 2665 1543 2707 turritani
1561 2667 1739 2721 collegii
1763 2680 1840 2708 re-.

208 2732 346 2776 ctore,
359 2733 402 2765 et
421 2724 667 2765 callaritani
686 2722 1102 2776 superintendente,
1116 2723 1377 2774 deductum,
1400 2724 1509 2765 mira
1528 2725 1758 2768 alacritate
1775 2725 1828 2767 ab

209 2784 426 2824 insulanis
449 2791 687 2837 exceptum
708 2789 790 2824 est.

299 2854 367 2883 22.
435 2842 646 2884 Calendis
671 2839 884 2883 Octobris
907 2839 1043 2893 aliqui
1067 2840 1121 2880 ad
1150 2840 1455 2882 inchoandum
1484 2842 1722 2897 collegium
1746 2843 1828 2885 Ca-

211 2900 378 2942 tanzari
404 2900 525 2942 missi
558 2908 678 2949 sunt,
711 2899 785 2939 vbi
815 2899 858 2939 in
890 2898 1260 2953 quadragessima
1289 2900 1509 2943 claruerat
1539 2901 1829 2943 concionibus

213 2961 261 3001 P.
284 2961 509 3015 Josephus
534 2959 750 3001 Blondus.

1881 141 1884 205 l

1877 207 1884 275 Ξ

1886 106 1891 124 l
