1891 3292
251 168 317 207 054
746 161 933 195 POLAxci
961 170 1271 195 COMPLEMENTA

293 263 363 318 69.
431 260 816 316 Archiepiscopus
838 260 1119 315 hispalensis,
1155 275 1357 303 summus
1380 261 1424 302 in
1449 261 1668 315 Hispania
1689 261 1829 317 inqui·
1889 222 1891 332 1

207 323 329 370 sitor,
355 321 409 361 de
439 334 529 373 quo
549 319 851 361 existimatum
883 320 966 360 fuit
989 319 1245 374 aliquando,
1272 321 1392 374 quod
1420 334 1576 375 parum
1607 328 1726 363 esset
1754 323 1830 364 So·
1890 334 1891 376 ζ

207 379 356 420 (ςίθῐειῒί
387 379 652 428 beneuolus,
685 378 811 419 aliter
840 393 931 420 rem
961 393 1010 421 se
1037 380 1203 421 habere
1227 379 1439 422 ostendit.
1467 380 1581 421 Nam
1605 379 1661 420 ad
1682 380 1829 422 eccle·

209 439 316 478 siam
339 452 452 491 quae
471 437 646 491 Hispali
670 445 823 478 nostro
845 437 888 478 in
912 438 1106 493 collegio
1131 437 1280 488 fiebat,
1301 438 1390 479 duo
1408 437 1543 478 millia
1566 437 1834 481 ducatorum

207 498 325 537 dono
348 496 486 547 dedit,
513 502 557 537 et
580 497 668 537 hoc
691 496 787 550 ipso
810 503 1044 547 autumno,
1072 499 1250 539 Patrem
1276 497 1505 550 Goncalez
1529 496 1710 551 collegii
1733 498 1831 540 Ma-

207 554 337 595 ‹lridii
369 561 588 597 rectorem
619 568 873 610 accersens,
902 554 1078 607 institit,
1106 564 1151 596 vt
1181 556 1271 597 duo
1305 570 1359 598 ex
1389 555 1553 597 nostris
1582 554 1626 595 in
1651 563 1833 598 oueten-

207 628 299 656 sem
330 613 559 655 ciuitatem
590 613 891 665 mitterentur,
924 613 999 654 vbi
1031 614 1270 669 collegium
1295 614 1390 669 ipse
1418 613 1698 665 condiderat3
1733 621 1778 655 vt
1801 615 1842 657 s’r

208 674 404 726 placeret
439 672 584 722 nobis,
626 672 734 714 illud
767 672 978 716 Societati
1018 675 1228 726 traderet,
1264 674 1333 716 vel
1367 673 1486 714 aliud
1520 686 1660 727 prope
1691 673 1836 727 ipsum

209 731 484 782 aedificaret,
531 730 805 797 spiritualem
857 732 1050 772 fructum
1100 732 1280 774 abunde
1329 731 1565 786 pollicitus,
1614 731 1837 774 Volumen

208 790 341 831 etiam
366 804 583 832 excusum
607 790 939 842 exercitiorum,
959 791 1076 844 quod
1096 790 1409 833 annotationes
1432 789 1627 845 episcopi
1647 790 1760 832 Cani
1783 791 1838 833 ad

210 848 460 903 marginem
481 849 690 898 habebat,
719 849 914 903 quibus
904 864 1043 904 ipsam
1068 850 1199 891 etiam
1225 849 1594 903 approbationem
1614 849 1839 903 pontificis

210 908 504 962 suggillabat,
529 908 568 948 ei
595 882 775 949 tradidit
797 915 841 949 vt
865 923 940 950 eas
963 909 1148 960 videret,
1173 908 1435 962 significans
1457 922 1504 950 se
1533 907 1733 949 animum
1763 923 1836 950 an·

211 967 414 1008 notantis
451 967 664 1009 Societati
702 966 913 1008 infestum
953 981 1218 1022 agnoscere,
1254 975 1298 1008 et
1329 967 1384 1008 ad
1422 981 1549 1009 suam
1585 966 1838 1020 Vtilitatem,

213 1026 370 1067 eadem
395 1025 605 1067 exercitia
624 1040 671 1068 se
694 1026 859 1067 habere
883 1026 1010 1067 velle.

301 1095 370 1136 70.
438 1085 690 1138 Collegium
716 1092 997 1137 tornacense,
1026 1091 1207 1138 propter
1231 1084 1369 1138 pestis
1391 1084 1709 1139 suspicionem,
1733 1098 1839 1138 pau-

212 1157 288 1185 cos
326 1150 457 1185 antea
488 1158 666 1186 menses
700 1143 980 1197 dissipatum,
1020 1143 1304 1186 reflorescere
1337 1144 1424 1184 hoc
1459 1150 1658 1197 tempore
1704 1143 1839 1198 cepit,

214 1201 366 1243 inultis
389 1202 726 1244 conuictoribus
750 1202 1063 1256 vndecumque
1087 1201 1382 1244 redeuntibus
1404 1203 1458 1244 ad
1478 1209 1748 1244 consuetum
1767 1203 1841 1243 do-

212 1260 442 1304 inicilium.

304 1332 373 1372 71.
441 1319 625 1361 Taurini
651 1332 752 1360 cum
774 1319 953 1372 quidam
978 1319 1045 1359 vir
1075 1319 1236 1360 nobilis
1265 1319 1535 1373 cognomine
1558 1317 1840 1370 Alerainus¹‚

217 1379 364 1420 nullos
389 1379 560 1421 habens
582 1377 760 1431 liberos,
782 1378 1071 1420 intellexisset
1095 1377 1365 1421 Societatem
1390 1386 1585 1420 nostram
1613 1391 1844 1420 recusasse

217 1439 438 1480 ducentos
461 1451 622 1479 aureos
645 1450 834 1487 annuos,
861 1451 972 1491 quos
996 1436 1154 1478 ciuitas
1178 1450 1279 1478 cum
1302 1451 1437 1478 onere
1459 1451 1639 1479 suarum
1670 1438 1844 1479 schola-

221 1510 317 1537 rum
343 1497 566 1538 obtulerat
591 1495 712 1550 (quia
735 1496 858 1537 velut
881 1495 1151 1550 stipendium
1175 1495 1218 1537 id
1242 1497 1334 1537 fore
1357 1496 1607 1547 videbatur,
1629 1497 1749 1550 quod
1767 1509 1845 1551 pro

218 1556 389 1596 nostris
407 1555 635 1596 laboribus
657 1554 837 1596 minime
855 1555 1164 1606 admittimus),
1187 1555 1348 1595 obtulit
1371 1555 1625 1607 octigentos
1648 1556 1717 1597 vel
1737 1570 1842 1597 non-

224 1622 387 1668 gentos
409 1628 569 1655 aureos
588 1614 722 1655 annui
742 1614 942 1656 redditus
959 1628 1070 1667 quos
1089 1614 1299 1664 habebat,
1321 1622 1367 1654 vt
1386 1615 1627 1656 accedente
1646 1613 1844 1655 subsidio

217 1675 376 1714 domus
394 1673 626 1715 cuiusdam
650 1672 879 1727 egregiae,
901 1673 956 1714 ab
980 1674 1200 1714 aduocato
1219 1673 1416 1714 Albosco
1440 1673 1651 1716 Societati
1678 1673 1843 1725 relicta,

217 1731 456 1786 collegium
488 1731 672 1774 Taurini
703 1731 1027 1781 institueretur,
1055 1738 1097 1773 et
1122 1732 1267 1772 visum
1298 1739 1366 1772 est
1392 1731 1511 1773 Patri
1537 1740 1690 1773 nostro
1720 1744 1844 1786 prae·

218 1791 378 1845 posito,
404 1805 504 1832 cum
531 1790 784 1833 Sabaudiae
807 1791 897 1831 dux
918 1790 959 1831 id
982 1790 1063 1831 sibi
1089 1790 1392 1844 gratissimum
1414 1792 1506 1831 fore
1524 1791 1841 1845 significasset,

221 1849 528 1891 fundationem
554 1851 667 1890 hanc
690 1863 787 1891 esse
806 1849 1125 1891 admittendam
1150 1856 1195 1890 vt
1219 1850 1421 1903 sequenti
1448 1864 1566 1890 anno
1595 1849 1768 1891 colonia
1792 1863 1844 1892 eo

217 1909 531 1951 deduceretur.

308 1979 378 2020 72.
446 1969 545 2009 Hoc
570 1974 783 2021 tempore,
810 1980 910 2007 curn
937 1966 1148 2008 haeretici
1179 1966 1221 2006 in
1246 1967 1490 2009 Germania
1515 1967 1684 2021 scripta
1712 1981 1845 2020 quae-

220 2027 320 2067 dam
345 2026 632 2076 aedidissent,
659 2025 822 2079 quibus
846 2026 1005 2066 librum
1032 2025 1226 2066 doctoris
1253 2026 1378 2067 Pauli
1402 2026 1520 2068 Offei
1545 2034 1701 2067 contra
1726 2039 1845 2068 com-

221 2085 478 2127 munionem
510 2085 594 2126 sub
619 2092 806 2137 Vtraque
829 2084 991 2138 specie,
1027 2092 1069 2125 et
1096 2086 1310 2125 honorem
1341 2085 1468 2126 ducis
1500 2084 1718 2126 Babariae
1742 2100 1845 2139 per-

220 2143 518 2198 stringebant,
554 2144 657 2184 data
692 2143 774 2184 fuit
807 2142 947 2184 eidem
984 2144 1152 2184 doctori
1190 2143 1327 2184 Paulo
1362 2143 1590 2197 prouincia
1621 2143 1848 2186 scribendi

222 2211 378 2244 contra
423 2203 520 2244 illos
563 2201 842 2257 germanice,
889 2202 1094 2255 quamvis
1139 2202 1283 2243 alieno
1334 2202 1511 2244 nomine
1553 2203 1655 2243 libri
1698 2210 1849 2245 essent

221 2261 427 2304 aedendi.
454 2262 591 2303 Paulo
609 2269 712 2303 ante
735 2259 1096 2314 archiepiscopus
1119 2260 1403 2315 gnesnensis,
1430 2261 1593 2315 primas
1617 2261 1747 2314 regni
1768 2262 1847 2303 Po-

222 2321 384 2371 loniae,
427 2321 480 2362 ad
517 2319 729 2362 Austriae
767 2319 1082 2373 prouincialem
1115 2328 1158 2361 et
1192 2320 1447 2361 vienensem
1485 2328 1704 2361 rectorem
1740 2320 1848 2362 scri-

223 2380 325 2434 psit,
348 2393 513 2433 rogans
531 2386 593 2429 vt,
616 2377 786 2420 collatis
808 2377 1002 2419 consiliis
1020 2392 1121 2419 cum
1147 2378 1309 2419 nostris
1333 2379 1407 2432 qui
1429 2378 1691 2433 Ingolstadii
1711 2386 1755 2421 et
1774 2381 1849 2421 Di-

222 2439 371 2492 lingae
394 2445 646 2487 versantur,
673 2437 920 2478 scriberent
943 2445 1097 2478 contra
1123 2437 1361 2487 trideistas,
1387 2437 1463 2490 qui
1494 2452 1659 2479 nouam
1691 2446 1849 2481 contra

223 2499 270 2541 S.
298 2497 563 2539 Trinitatem
593 2495 811 2537 haeresim
841 2495 1185 2545 suscitauerant,
1212 2503 1255 2537 et
1285 2496 1427 2538 eidem
1459 2510 1561 2538 cum
1592 2497 1849 2550 Superioris

222 2556 495 2600 Germaniae
523 2554 800 2610 prouinciali,
826 2568 877 2595 ea
905 2568 1012 2595 cura
1042 2555 1309 2596 demandata
1331 2562 1416 2608 est,
1443 2563 1489 2595 vt
1513 2563 1670 2596 contra
1695 2556 1848 2598 huius-

223 2615 343 2656 modi
369 2614 594 2657 hereticos
617 2613 879 2655 scriberent.

312 2686 381 2727 73.
450 2674 550 2715 Hoc
591 2680 808 2725 autumno
845 2670 1082 2712 cardinalis
1125 2679 1410 2723 augustanus
1453 2673 1605 2714 multis
1645 2674 1852 2715 domibus

220 2732 454 2787 coemptis,
492 2731 671 2786 collegii
708 2729 846 2771 nostri
885 2729 1152 2784 dilingensis
1193 2732 1483 2772 fundamenta
1523 2731 1643 2786 iecit,
1682 2747 1849 2774 nouum

222 2792 473 2834 aedificium
504 2798 548 2832 et
572 2789 882 2844 magnificum,
909 2789 1031 2830 iuxta
1056 2788 1199 2831 ideam
1232 2804 1255 2830 a
1286 2797 1440 2831 nostro
1470 2792 1605 2834 Mtro.
1632 2792 1766 2835 Ioane
1788 2805 1852 2833 ar-

293 2935 301 2960 l
357 2934 428 2967 Hic
447 2933 531 2967 alia
550 2942 693 2964 manus
715 2930 936 2963 Pozancum
957 2930 1185 2964 emendavit
1202 2931 1272 2964 sic.-
1294 2931 1448 2965 nomine
1472 2932 1692 2976 AleramUS,
1712 2943 1851 2978 cogno-

224 2981 326 3016 mine
346 2982 540 3014 Beccutus
560 2979 622 3012 uel
645 2979 831 3011 Becuttus
854 2977 923 3021 (cf.
946 2989 983 3011 n.
1008 2976 1058 3011 60
1077 2979 1180 3011 anni
1200 2977 1333 3022 1566).
