1891 3292
566 192 1103 243 COMMENTARmLA.—1567
1531 203 1594 245 671

0 320 1 342 1
25 295 133 340 della
162 294 344 336 Madera
376 302 682 348 nuncupatae,
709 295 982 341 inuasissent
1001 314 1052 341 ac
1085 300 1303 355 direptam
1329 310 1644 356 occupassent,

0 355 2 421 j
24 368 120 398 cum
143 353 286 395 classe
309 352 503 394 lusitana
527 353 584 394 ad
608 353 800 395 insulam
828 360 1179 412 recuperandam
1206 360 1354 412 missa,
1380 370 1468 402 tres
1491 362 1545 403 de
1568 362 1647 405 So-

0 432 2 456 ι
23 413 179 457 cietate
201 412 360 454 eodem
384 411 508 452 missi
531 419 653 465 sunt,
682 413 758 466 qui
781 415 994 458 damnum
1026 419 1081 459 ab
1116 419 1329 460 hereticis
1358 419 1547 469 illatum,
1575 434 1644 462 co-

0 486 2 567 ,
24 472 142 529 pioso
162 471 310 512 fructu
333 470 518 526 spiritus
541 484 850 527 compensare,
878 489 980 517 cum
1001 477 1084 519 Dei
1107 477 1253 531 gratia
1276 479 1564 522 studuerunt.

0 575 2 657 Ῐ
685 580 813 609 ANNO
854 570 979 622 1567.

0 662 2 713 l
108 661 143 692 1.
210 649 326 690 Cum
350 662 576 689 summum
602 648 860 702 pontificem
892 651 1019 693 initio
1049 653 1171 703 anni,
1199 653 1242 694 id
1273 661 1357 706 est,
1384 655 1454 696 die
1485 655 1556 708 4³
1583 656 1646 697 Ia-

22 707 175 762 nuarii,
206 709 256 750 P.
285 707 565 762 praepositus
595 711 750 761 (quem
780 723 870 763 ego
899 711 1160 765 comitabar)
1194 712 1392 765 adiisset,
1429 722 1529 768 post
1562 715 1646 757 alia

22 768 72 811 ad
93 781 246 822 regem
274 766 582 821 Portugalliae
613 774 658 810 et
686 767 783 809 eius
807 777 994 811 matrem
1019 771 1306 824 pertinentia,
1341 772 1396 814 de
1426 787 1533 814 cura
1569 775 1645 815 do-

24 841 116 870 mus
138 827 569 869 cathecumenorum
594 826 882 881 suscipienda
900 830 994 883 egit
1019 843 1121 871 cum
1146 831 1194 873 S.
1221 832 1318 882 S.t<³;
1340 843 1383 873 et
1402 832 1648 874 declarauit

22 894 210 928 mentem
233 899 360 927 suam
385 900 519 939 quam
543 900 622 940 per
651 886 924 929 cardinalem
958 889 1256 931 Sarracenum
1288 890 1643 944 significauerat,

22 951 63 988 vt
81 944 251 987 scilicet
275 944 416 986 nostri
446 953 536 986 no‘n
567 952 742 985 tantum
773 947 1061 998 exhortandi,
1088 957 1130 990 et
1149 948 1193 989 in
1218 948 1320 989 fidei
1351 950 1556 991 doctrina
1581 950 1643 992 in-

22 1003 231 1047 stituendi
255 1005 622 1055 cathecumenos,
655 1011 699 1045 et
724 1004 961 1059 neophitos
986 1009 1051 1058 (vt
1076 1007 1222 1049 facere
1240 1011 1471 1062 ceperant)
1491 1022 1644 1050 curam

21 1062 312 1117 susciperent,
334 1064 413 1105 sed
437 1070 480 1105 et
504 1063 795 1105 oeconomiae
819 1064 1109 1115 domesticae,
1136 1066 1179 1106 in
1210 1066 1263 1107 iis
1287 1081 1402 1120 quae
1427 1069 1481 1108 ad
1501 1083 1647 1110 mores

6 1129 62 1165 et
80 1122 277 1177 politiam
302 1122 594 1176 pertinerent3
622 1123 743 1164 nolle
765 1129 915 1166 tamen
940 1139 987 1165 se
1012 1125 1130 1165 hanc
1154 1126 1405 1167 molestiam
1430 1127 1646 1169 Societati

5 1181 259 1237 iimponere,
287 1189 333 1222 vt
355 1181 497 1224 nostri
520 1181 686 1224 ibidem
711 1190 1043 1235 pernoctarent,
1070 1184 1148 1224 sed
1166 1192 1213 1224 vt
1239 1185 1367 1238 periti
1390 1186 1509 1239 quod
1533 1201 1647 1241 opus

5 1240 131 1284 :esset
158 1240 420 1284 ordinarent
458 1248 502 1283 et
531 1241 585 1282 ad
616 1241 890 1284 cardinalem
916 1244 1149 1295 referrent,
1174 1245 1244 1285 vel
1273 1245 1328 1284 ad
1351 1258 1415 1296 se,
1442 1244 1477 1286 si
1502 1245 1646 1286 cardi-

20 1299 125 1342 nalis
162 1314 215 1342 ea
249 1314 337 1341 non
376 1299 556 1354 essequi
603 1299 799 1343 iuberet.
841 1301 926 1344 Die
962 1302 1240 1356 Epiphaniae
1286 1304 1347 1345 D.
1392 1305 1644 1347 Hormane-

6 1366 88 1401 ‹tus
109 1373 287 1401 rursum
310 1359 419 1401 adiit
444 1361 495 1402 P.
523 1367 727 1400 nostrum
754 1359 1056 1414 praepositum
1082 1361 1261 1403 nomine
1279 1363 1518 1416 pontificis,
1554 1378 1645 1405 rem

6 1419 213 1461 ¹eamdem
237 1418 422 1461 liberius
446 1419 734 1460 committens
756 1419 988 1471 Societati,
1015 1428 1150 1474 atque
1174 1421 1366 1462 innuens
1386 1436 1474 1463 non
1494 1436 1647 1465 neces-

19 1491 63 1520 se
84 1491 182 1520 esse
205 1479 261 1519 ad
284 1477 560 1521 cardinalem
585 1479 887 1521 Sarracenum
912 1493 982 1520 res
1006 1480 1188 1531 referre3
1216 1481 1372 1521 eodem
1404 1481 1475 1523 die
1506 1481 1646 1523 cardi-

8 1537 157 1579 ,nalern
181 1551 251 1579 me
275 1537 439 1579 comite
462 1537 603 1579 adiuit
629 1538 687 1579 P.
733 1538 1041 1592 praepositus,
1090 1539 1164 1593 qui
1209 1539 1449 1581 cardinalis
1498 1555 1646 1581 coram
1692 1577 1695 1580 .

19 1596 366 1652 congregatione
379 1597 827 1648 cathecumenorum,
845 1611 998 1639 curam
1018 1598 1135 1639 illius
1151 1598 1315 1640 domus
1330 1599 1546 1641 Societati
1564 1607 1648 1641 tra-

19 1654 136 1709 didit,
159 1663 205 1697 vt
222 1670 299 1710 per
316 1670 365 1697 se
381 1656 540 1710 ipsam,
564 1657 634 1698 vel
652 1670 730 1711 per
748 1656 978 1699 ministros
996 1671 1109 1710 quos
1128 1658 1261 1699 vellet
1277 1658 1504 1711 (quamuis
1528 1658 1649 1713 prius

15 1728 58 1758 se
78 1714 247 1772 mal[l]e
268 1715 574 1770 significabat)
592 1729 691 1757 eam
715 1723 964 1768 exerceret3
998 1724 1041 1757 et
1074 1718 1124 1759 Ρ.
1152 1717 1434 1771 praepositus
1457 1732 1555 1759 eam
1575 1719 1646 1760 ad-

14 1773 148 1817 missit
171 1775 404 1826 2.01nod0‚
431 1781 475 1817 et
497 1774 712 1830 postridie
735 1775 779 1816 in
799 1777 980 1817 domum
997 1777 1426 1818 cathecumenorum
1440 1792 1521 1818 nos
1545 1791 1649 1818 con-

10 1834 191 1876 tulimus
214 1848 317 1876 cum
345 1847 368 1888 3
393 1834 621 1889 deputatis
644 1834 741 1877 eius
765 1835 1156 1890 congregationis,
1179 1843 1222 1877 et
1249 1835 1555 1878 ordinationes
1573 1836 1648 1878 ali-

15 1906 121 1949 quae
138 1893 233 1937 fieri
257 1901 445 1948 coeptae
463 1900 569 1935 sunt
586 1907 612 1935 a
637 1895 688 1936 P.
717 1894 992 1949 praeposito,
1018 1901 1062 1937 et
1086 1894 1249 1937 exinde
1268 1895 1459 1937 ministri
1478 1911 1502 1937 a
1521 1896 1650 1937 nobis

16 1952 198 2007 quaesiti
221 1960 266 1995 et
288 1952 484 2008 impositi
518 1953 718 1995 fuerunt.

34 2027 37 2030 ’
96 2011 163 2055 2.⁰
226 2012 347 2066 Quia
370 2011 663 2067 prohibuerat
696 2027 902 2054 summus
930 2013 1133 2068 pontifex
1163 2027 1220 2055 ne
1251 2013 1413 2067 relapsi
1441 2014 1647 2057 absolue-

11 2077 177 2125 ›rentur,
203 2072 339 2114 etiam
371 2072 416 2112 in
449 2071 711 2125 Germania,
745 2073 825 2114 sed
860 2074 1049 2114 Romam
1074 2074 1130 2115 de
1160 2073 1224 2116 eis
1254 2073 1545 2124 scriberetur,
1573 2074 1647 2115 ad—

11 2130 159 2173 monui
181 2131 229 2174 S.
256 2132 303 2174 S.
332 2131 452 2185 quod
475 2146 527 2173 ea
550 2131 723 2173 ratione
746 2146 837 2173 non
871 2146 1027 2186 parum
1057 2132 1302 2186 spiritualis
1327 2133 1501 2174 fructus
1525 2133 1646 2187 peri-

14 2196 91 2242 =ret;
117 2196 160 2232 et
177 2190 289 2232 dixit
312 2190 470 2233 eodem
496 2190 568 2231 die
592 2189 660 2243 4⁰
684 2190 893 2244 Ianuarii,
921 2206 969 2234 se
993 2198 1258 2234 contentum
1278 2206 1376 2234 esse
1395 2200 1442 2232 vt
1467 2192 1649 2246 prouin-

16 2248 140 2292 ciales
163 2257 207 2293 et
230 2258 431 2293 rectores
453 2249 529 2304 qui
552 2252 600 2292 P.
624 2250 882 2304 praeposito
902 2252 1216 2306 probarentur,
1241 2264 1296 2292 ex
1316 2259 1470 2292 nostra
1494 2251 1647 2294 Socie-

14 2314 116 2362 tate,
142 2317 330 2364 possent
354 2310 555 2363 relapsos
575 2309 831 2351 huiusmodi
855 2310 1108 2364 absoluere,
1131 2311 1375 2352 dummodo
1402 2310 1461 2351 illi
1497 2324 1645 2351 coram

14 2367 184 2409 duobus
213 2367 405 2410 testibus
428 2368 517 2410 fide
539 2368 691 2423 dignis
720 2383 826 2412 suos
854 2383 1030 2412 errores
1064 2369 1337 2421 abiurarent,
1369 2378 1412 2412 et
1446 2384 1497 2411 ea
1521 2370 1576 2410 de
1601 2384 1648 2411 re

17 2440 88 2480 per
119 2427 335 2482 scriptum
359 2436 603 2480 constaret,
641 2429 762 2482 quod
795 2428 878 2483 ipsi
908 2429 1262 2478 subscriberent,
1289 2429 1356 2471 Vel
1386 2428 1458 2469 alii
1492 2443 1646 2471 eorum

0 2485 120 2540 loco,
144 2485 181 2528 si
204 2487 402 2530 scribere
425 2487 668 2530 nescirent.

0 2584 3 2599 ‚
99 2544 164 2598 3.⁰
226 2547 329 2601 Ipso
353 2546 424 2588 die
449 2546 728 2601 Epiphaniae
766 2548 823 2589 D.
852 2548 1016 2588 Torres
1041 2546 1054 2564 ³
1080 2547 1147 2587 vir
1186 2546 1450 2588 eruditionis
1480 2554 1523 2589 et
1547 2560 1645 2600 pro-

17 2602 159 2646 bitatis
180 2619 322 2660 rarae,
349 2605 392 2647 in
418 2606 599 2648 domum
625 2607 680 2647 ad
705 2606 1015 2660 probationem
1040 2605 1278 2648 Societatis
1307 2605 1529 2646 admissus
1561 2611 1643 2647 est.

0 2659 3 2671 '
97 2663 165 2717 4.⁰
228 2665 432 2707 Venetiis
461 2666 504 2707 in
542 2665 752 2706 manibus
779 2667 831 2708 P.
858 2664 1088 2707 Francisci
1120 2664 1295 2706 Adorni
1322 2664 1645 2718 professionem

0 2724 42 2774 {4
62 2730 264 2765 votorum
296 2724 444 2767 emisit
479 2727 534 2766 P.
578 2724 781 2779 Baptista
803 2725 859 2767 de
884 2725 1089 2775 Vellatis,
1127 2724 1223 2778 ipso
1252 2723 1649 2765 Circumscisionis

0 2779 97 2833 :die3
122 2783 354 2825 Bononiae
376 2783 549 2834 eodem,
579 2786 629 2826 P.
660 2783 931 2825 Franciscus
965 2782 1163 2824 Palmius
1197 2782 1240 2823 in
1271 2782 1481 2824 manibus
1504 2782 1647 2823 cardi-

0 2826 122 2882 inalis
145 2843 317 2885 Paleoti
341 2844 561 2898 episcopi,
591 2856 614 2897 3
641 2854 868 2886 votorum.

78 2982 93 3003 ⁸
138 2985 369 3020 Franciscus
400 2986 512 3028 (alias
544 2983 758 3019 Turrianus
791 2983 876 3018 sive
907 2983 1142 3026 Torrensis).
1175 2983 1233 3018 Cf.
1271 2986 1384 3029 epist.
1420 2991 1499 3028 143,
1539 2995 1576 3021 n.
1610 2983 1646 3027 83

18 3029 53 3065 S.
73 3030 219 3067 Franc.
243 3034 386 3079 Borg„
407 3032 475 3077 IV,
497 3031 579 3075 3883
602 3037 677 3068 ete.

0 3079 15 3292 l
