1891 3292
590 196 1025 232 COMMEN'rARlOLA.—
1036 203 1124 239 1570
1552 189 1622 234 713

46 308 158 352 rent,
184 308 227 342 et
251 313 455 342 summus
479 298 680 353 pontifex
702 312 782 340 eos
806 298 973 352 aliquot
997 296 1255 339 triremibus
1285 295 1478 343 iuuaret,
1505 293 1670 334 multos

46 375 99 404 ex
131 359 296 401 nostris
325 358 369 399 in
398 372 451 400 ea
479 357 765 412 expeditione
797 357 890 398 suis
923 357 1080 398 adesse
1114 355 1369 404 voluerunt3
1413 367 1467 395 ex
1506 351 1670 406 quibus

48 422 95 464 P.
123 418 382 472 Reynaldus
405 417 615 459 Galesius
639 416 865 470 praeclare
882 415 1112 457 charitatis
1130 413 1287 455 officiis
1313 414 1493 454 functus
1517 412 1560 451 in
1586 412 1667 452 Za-

46 479 179 529 Cimo,
210 475 259 518 Ρ.
287 476 504 518 Camillus
531 475 794 528 Porcellaga
825 475 866 515 in
900 474 1062 517 Lesina
1096 487 1197 514 cum
1228 471 1365 524 socio,
1395 471 1528 512 frater
1554 471 1667 511 Lau-

47 536 214 581 rentius
242 543 286 578 et
324 542 480 590 postea
512 536 648 576 frater
682 535 864 587 [Petrus
884 532 1107 588 Angelus]
1129 531 1149 562 J‘J'
1179 530 1424 578 Manutius,
1458 530 1500 569 in
1533 529 1670 570 Creta

44 596 266 639 obierunt.
292 596 342 636 P.
371 595 560 635 [oannes
578 594 632 635 de
653 592 852 635 Victoria
870 607 971 633 cum
991 593 1171 633 domino
1191 592 1343 632 Marco
1363 587 1564 631 Antonio
1583 587 1668 629 Co-

45 657 193 698 lumna
212 654 456 708 profectus,
483 661 526 695 et
553 654 711 694 Patres
735 651 925 694 Carolus
944 652 1102 700 Farao,
1128 659 1171 691 et
1210 652 1403 702 Prosper
1428 648 1667 689 Malavolta

43 721 86 757 et
109 714 306 755 Thomas
325 712 496 767 Ragius
519 719 564 754 et
602 711 674 752 alii
699 710 946 761 redierunt,
981 720 1217 763 postquam
1254 718 1436 748 strenue
1460 706 1502 746 in
1528 706 1669 746 classe

43 774 335 822 laborassent,
360 771 623 813 incolumeS.

128 831 198 874 26.
267 832 422 873 Mense
458 830 583 872 [unio
624 831 674 871 P.
717 827 989 881 Tarquinius
1027 828 1082 868 de
1123 825 1379 879 Reynaldis,
1422 831 1583 875 rector,
1625 829 1668 864 et

44 893 94 933 P.
119 891 296 944 Gaspar
319 891 542 939 Sanchez,
588 888 896 939 concionator,
926 888 1066 928 Roma
1091 887 1386 926 Interamnem
1413 883 1467 924 ad
1491 881 1666 923 initium

43 949 216 1004 collegii
242 948 302 990 ibi
324 948 534 1001 instituti,
562 947 719 1002 reliqui
746 949 970 989 Macerata
995 945 1116 985 missi
1140 952 1260 997 sunt,
1288 952 1331 986 et
1364 943 1461 996 ejus
1486 955 1665 995 posses—

41 1009 209 1052 sionem
233 1018 496 1063 coeperunt.

129 1079 197 1120 27.
266 1068 380 1110 Cum
423 1080 473 1123 19
508 1066 675 1120 Aprilis
709 1064 1076 1119 archiepiscopus
1119 1070 1162 1104 et
1192 1062 1361 1103 elector
1396 1057 1667 1101 treuerensis

41 1126 297 1169 solemniter
336 1126 657 1167 monasterium
683 1125 908 1178 quondam
935 1124 1120 1163 fratrum
1146 1122 1368 1163 Minorusn
1395 1118 1558 1160 nostris
1583 1125 1665 1158 tra-

42 1186 225 1228 didisset
248 1186 510 1242 (accedente
533 1199 688 1226 eorum
715 1197 940 1225 consensu
971 1181 1133 1235 quibus
1162 1180 1281 1221 aliud
1311 1177 1542 1220 comodius
1567 1190 1663 1217 mo-

42 1245 285 1288 nasterium
310 1252 379 1286 est
403 1259 482 1299 pro
506 1243 874 1298 compensatione
899 1242 1085 1293 datum),
1118 1240 1202 1280 sub
1232 1238 1406 1279 initium
1439 1235 1549 1277 Iunii
1574 1236 1666 1288 qui-

41 1305 139 1347 dam
162 1319 216 1346 ex
241 1305 405 1345 nostris
428 1319 481 1346 eo
504 1303 875 1357 commigrarunt,
903 1299 1216 1353 frequentique
1248 1298 1414 1352 populo
1442 1309 1569 1336 sacra
1598 1308 1666 1336 ce-

43 1363 226 1414 lebrare,
254 1363 527 1412 concionari,
554 1373 598 1405 et
623 1362 947 1404 cathecismum
973 1361 1134 1400 docere
1158 1363 1418 1411 coeperunt.

127 1423 202 1464 28.
277 1425 432 1465 Mense
456 1423 566 1464 Iulio
593 1424 641 1464 P.
672 1421 873 1476 [gnatius
896 1421 951 1462 de
976 1418 1191 1460 Acebedo
1212 1413 1497 1470 prouincialis
1523 1411 1666 1454 Brasi-

40 1481 137 1531 liae,
164 1495 265 1523 cum
295 1484 344 1524 Ρ.
370 1482 541 1523 Didaco
559 1482 614 1523 de
640 1481 870 1532 Andrada,
897 1487 941 1522 et
966 1478 1019 1531 38
1047 1476 1256 1518 fratribus
1275 1488 1440 1528 magna
1463 1487 1517 1513 ex
1543 1480 1668 1525 parte

43 1541 245 1591 nouiciis‚
275 1556 411 1596 prope
437 1542 652 1593 Palmam,
681 1554 813 1582 Vnam
837 1554 890 1581 ex
921 1536 1140 1585 Canariis,
1170 1550 1247 1589 pro
1278 1532 1444 1576 Christi
1470 1530 1666 1584 relligio-

41 1614 96 1642 ne
117 1600 293 1641 occisus
316 1609 383 1642 est
408 1615 432 1641 a
456 1601 649 1654 quodam
674 1600 837 1642 Iacobo
861 1597 1007 1648 Suria,
1036 1595 1109 1649 qui
1129 1594 1313 1648 reginae
1338 1593 1570 1634 Nauarrae
1593 1590 1668 1630 ad-

42 1655 235 1701 mirallus
259 1659 409 1701 vocari
446 1660 604 1701 solitus
627 1669 737 1710 erat,
765 1657 942 1701 Caluini
976 1654 1120 1698 heresi
1140 1668 1241 1695 cum
1262 1653 1354 1693 suis
1373 1651 1570 1704 quinque
1593 1663 1666 1689 na-

44 1718 171 1761 uibus
194 1719 404 1770 infectus3
429 1729 473 1762 et
492 1719 595 1773 quia
620 1718 836 1773 praedicti
862 1718 1024 1758 fratres
1048 1714 1185 1755 nostri
1210 1710 1517 1753 concionaturi
1543 1715 1669 1749 erant

40 1777 83 1818 in
108 1778 292 1820 Brasilia
317 1779 580 1833 papisticam
605 1782 671 1831 (vt
697 1778 777 1832 ipsi
800 1778 980 1827 vocant)
1014 1772 1283 1821 doctrinam,
1305 1769 1466 1825 gladiis
1489 1775 1565 1809 aut
1590 1779 1666 1821 pu-

41 1837 250 1892 gionibus
274 1838 510 1892 impiorum
535 1837 724 1887 confosi‚
751 1846 795 1880 et
824 1837 868 1877 in
899 1849 1019 1877 mare
1043 1830 1337 1888 praecipitati,
1366 1827 1549 1870 martirii
1579 1826 1668 1880 pal-⁴

42 1910 154 1938 mam
178 1912 202 1938 a
228 1899 326 1940 Deo
351 1897 581 1939 consecuti
603 1903 723 1939 sunt.
1507 1925 1511 1929 -

127 1967 198 2012 29.
266 1956 349 1998 Die
380 1957 427 1999 18
451 1956 553 1999 Iulii
577 1956 800 2011 possessio
823 1953 1001 2004 collegii
1026 1951 1241 1992 vilnensis
1271 1950 1325 1990 ab
1355 1946 1565 2001 episcopo
1589 1944 1667 1986 So-

41 2013 187 2056 cietati
219 2016 379 2058 tradita
410 2024 492 2068 est,
524 2023 568 2057 et
596 2017 653 2057 ab
682 2030 735 2058 eo
764 2014 835 2055 die
864 2012 1040 2054 initium
1074 2008 1324 2064 computari
1358 2005 1513 2057 voluit,
1550 2017 1666 2057 quae

41 2073 143 2115 diuo
167 2074 329 2117 Alexio
353 2089 478 2117 sacra
502 2083 584 2118 est.
613 2075 873 2117 Deduxerat
897 2086 950 2115 eo
978 2073 1026 2113 P.
1050 2070 1322 2113 Laurentius
1346 2065 1544 2115 Magius,
1571 2075 1669 2116 pro-

42 2132 258 2184 uincialis,
285 2143 328 2175 et
355 2136 406 2176 P.
433 2135 702 2176 Franciscus
725 2133 905 2181 Sunier,
927 2127 1330 2185 viceprouincialis,
1352 2124 1608 2167 sacerdotes
1626 2129 1669 2162 et

42 2200 370 2248 praeceptores,
391 2194 595 2247 aliosque
618 2209 672 2236 ex
697 2192 860 2234 nostris
879 2191 953 2244 qui
979 2188 1220 2244 collegium
1240 2187 1519 2232 inchoarent,
1541 2180 1669 2222 cuius

41 2251 207 2294 dotatio
233 2266 286 2306 30
311 2254 378 2295 vel
403 2265 475 2306 40.
502 2261 546 2294 vt
566 2254 722 2303 fertur,
750 2250 957 2293 sufficiet.

129 2324 196 2364 30.
266 2314 422 2354 Mense
452 2314 666 2366 Augusto
702 2309 1040 2359 monasterium,
1069 2306 1286 2362 palacium
1322 2305 1461 2346 Sosae
1494 2312 1664 2341 nuncu-

42 2377 210 2424 patum,
242 2371 459 2414 Societati
490 2380 670 2413 nostrae
700 2371 743 2412 in
778 2368 1055 2423 Portugallia
1085 2383 1109 2407 a
1139 2363 1350 2407 cardinali
1381 2358 1666 2403 serenissimo

43 2428 122 2470 fuit
145 2431 431 2485 applicatum,
459 2440 501 2472 et
526 2446 547 2471 a
573 2430 738 2472 nostris
762 2428 969 2478 habitari,
997 2434 1041 2469 et
1069 2425 1197 2467 solita
1223 2421 1466 2464 ministeria
1489 2430 1666 2460 exerce—

43 2488 77 2528 ri
93 2497 237 2543 Cepta3
263 2497 308 2531 et
331 2504 384 2531 ex
405 2490 502 2531 eius
527 2490 776 2531 redditibus
801 2501 910 2541 15oo
928 2485 1079 2528 ducati
1097 2482 1304 2526 eborensi
1328 2479 1519 2533 collegio
1545 2475 1666 2517 attri-

40 2546 135 2588 buti
160 2549 355 2590 fuerunt.
1523 2552 1529 2557 ⁸

129 2619 198 2660 31.
265 2609 433 2650 Eodem
459 2610 551 2651 fere
576 2617 775 2663 tempore
799 2605 1038 2659 collegium
1064 2600 1373 2657 germanicum
1404 2604 1448 2639 et
1477 2594 1665 2638 semina-

42 2664 168 2731 rium,
194 2667 327 2708 aedes
351 2682 456 2710 suas
480 2668 733 2721 relinquere
752 2673 923 2716 coacta,
947 2664 989 2704 in
1015 2663 1122 2704 alias
1141 2659 1247 2702 satis
1266 2656 1524 2700 commodas
1547 2667 1664 2695 com-

41 2733 311 2777 mlgrarunt.
659 2752 663 2758 ·
1632 2770 1639 2776 ι

128 2796 180 2838 32
266 2786 453 2828 Octobri
499 2800 653 2828 mense
698 2787 732 2827 Ρ
757 2818 763 2826 .
814 2786 1040 2826 Leonetus
1079 2778 1342 2822 Chiauonus
1383 2771 1666 2828 prouincialls

42 2841 387 2898 Longobardiae
410 2846 666 2887 declaratus
689 2852 756 2887 est
780 2858 805 2884 a
831 2845 881 2885 P.
903 2839 1144 2884 Francisco
1168 2838 1372 2887 Adorno,
1395 2834 1469 2887 qui
1493 2846 1546 2873 eo
1571 2829 1666 2872 offi-

42 2901 111 2942 cio
135 2910 242 2944 tunc
265 2905 508 2946 defunctus
531 2912 610 2947 est.

107 3033 128 3066 J'J'
178 3034 341 3070 Lacuna
368 3036 479 3071 estin
500 3047 572 3072 ms,
594 3034 658 3080 Cf.
678 3034 865 3080 superius
880 3036 978 3078 pag.
1002 3039 1083 3072 104.
