1891 3292
262 185 326 224 570
757 178 942 211 POLANCI
970 186 1281 225 COMPLEMENTA

304 280 470 320 Eodem
496 285 696 331 tempore
734 277 935 318 omnium
975 284 1177 317 nostrum
1215 276 1516 318 confessarius
1554 291 1652 319 esse
1690 279 1834 334 coepit

219 340 266 380 R.
298 340 345 379 P.
375 337 612 378 Cornelius
642 335 969 386 Wisschauen‚
994 335 1123 376 cuius
1153 349 1259 389 ope,
1288 335 1545 389 prudentia,
1578 344 1622 378 et
1646 336 1833 379 mirabili

216 398 256 437 in
281 395 586 449 spiritualibus
610 395 744 436 rebus
761 394 1036 448 experientia
1055 408 1132 448 per
1150 393 1377 447 integrum
1398 408 1564 436 annum
1584 402 1626 436 et
1644 395 1834 459 amplius

214 468 367 495 omnes
392 454 630 518 plurimum
654 452 807 494 auxilii
829 452 1071 507 spiritualis
1093 460 1137 493 et
1159 451 1479 494 consolationis
1502 453 1772 507 accepimus.

302 512 453 554 Voluit
476 512 611 554 etiam
642 513 694 555 R.
731 513 781 553 P.
815 519 964 554 noster
995 510 1197 565 Ignatius
1232 510 1462 552 dominum
1494 512 1739 567 Alonsum,
1769 513 1834 555 hi-

213 585 425 625 spanum,
453 570 634 625 collegii
668 570 920 612 ministrum
944 584 1064 619 esse,
1097 570 1226 610 cuius
1254 569 1495 624 industria,
1524 571 1739 625 principia
1761 571 1834 615 illa

216 630 564 671 moderarentur.
592 629 833 671 Adductus
852 635 920 670 est
939 628 975 669 is
993 643 1017 670 a
1035 630 1087 670 R.
1117 629 1165 669 P.
1187 629 1275 669 don
1295 628 1458 682 Diego,
1483 636 1528 670 et
1550 630 1601 671 R.
1626 631 1677 673 P.
1699 630 1843 685 Aloy:

213 689 278 729 sio
301 688 531 730 Gonzalis.
559 688 658 742 Ipse
688 702 794 730 vero
823 701 989 742 magno
1018 687 1167 728 animo
1191 701 1238 728 se
1271 695 1508 741 acceptare
1536 687 1580 729 id
1609 688 1742 730 officii
1773 696 1833 731 te-

212 747 417 788 stabatur
455 760 603 788 coram
659 746 887 789 tratribus,
944 747 1049 787 Erat
1103 752 1253 787 autem
1307 753 1401 787 tum
1443 747 1654 801 temporis
1691 754 1835 790 rector

217 807 261 848 R.
292 807 341 847 P.
370 805 619 859 Quintinus
643 806 887 857 Scherlart3
914 812 957 847 et
983 806 1038 847 D.
1068 804 1297 847 Antonius
1321 804 1533 847 minister.

302 864 434 906 Circa
476 865 638 906 festum
685 864 846 906 natalis
890 863 1071 905 Domini
1119 863 1163 906 in
1208 864 1463 905 sacerdotes
1506 864 1698 906 ordinati
1731 872 1834 906 sunt

218 924 266 965 R.
299 925 347 965 P.
387 925 548 964 Petrus
581 922 903 975 Ribaddinera,
930 924 992 965 M.
1023 922 1319 972 Benedictus,
1351 922 1665 977 concionator,
1695 925 1745 965 R.
1781 925 1832 966 P.

214 982 524 1036 Sebastianus,
552 984 614 1024 M.
637 983 853 1035 Renatus,
877 983 937 1024 M.
965 981 1186 1035 Rogerius
1210 989 1252 1021 et
1274 982 1471 1031 Raphael
1495 981 1641 1024 Riera.
1665 982 1834 1024 Habuit

213 1055 316 1083 vero
346 1040 593 1083 orationem
629 1041 852 1094 publicam
882 1040 926 1080 in
961 1039 1199 1081 sacerdotii
1229 1040 1406 1082 laudem
1441 1041 1494 1082 R.
1533 1042 1581 1082 P.
1616 1041 1829 1084 Victoria.

217 1100 266 1141 P.
299 1102 459 1141 Petrus
483 1099 783 1141 Ribaddinera
813 1106 857 1141 et
890 1101 940 1140 P.
970 1098 1242 1140 Benedictus
1266 1098 1481 1152 primitias
1509 1113 1612 1140 suas
1635 1100 1832 1142 celebra—

216 1166 319 1199 runt
355 1158 451 1212 ipso
480 1159 550 1200 die
582 1158 776 1209 Natalis3
812 1159 860 1199 P.
898 1157 1193 1200 Sebastianus
1229 1171 1335 1198 vero
1365 1157 1437 1199 die
1472 1157 1835 1200 Circumcisionis

216 1218 437 1271 sequenti.

305 1278 424 1318 Ante
447 1276 698 1317 studiorum
727 1276 858 1317 istam
888 1274 1222 1316 inchoationem
1253 1274 1455 1329 primam,
1482 1275 1627 1316 solum
1658 1275 1834 1329 legeba-

217 1341 286 1376 tur
310 1335 500 1391 physica
523 1334 795 1377 Titelmanni
819 1341 862 1375 et
887 1334 1107 1387 quaedam
1130 1332 1214 1374 alia
1239 1333 1422 1376 leuiora.

304 1395 410 1435 Erat
435 1408 540 1436 vero
564 1401 658 1435 tum
683 1393 727 1434 in
754 1408 836 1435 usu
868 1393 1053 1434 fratrum
1084 1393 1243 1433 modus
1272 1391 1468 1444 eligendi
1499 1392 1691 1447 singulis
1714 1407 1834 1435 men·

214 1452 337 1493 sibus
367 1454 601 1503 Sanctum,
637 1460 684 1494 ut
713 1452 757 1493 in
789 1451 907 1493 illius
945 1453 1160 1494 honorem
1197 1450 1382 1505 quilibet
1417 1451 1584 1504 aliquid
1614 1451 1835 1505 peculiare
1890 1490 1891 1511 ζ

216 1513 401 1553 faceret.

304 1570 422 1624 Quia
451 1570 691 1625 collegium
723 1584 877 1624 parum
913 1583 1052 1622 capax
1081 1577 1198 1619 erat,
1234 1569 1411 1610 curauit
1440 1568 1597 1610 eodem
1638 1577 1835 1624 tempore

218 1629 408 1682 plurima
431 1630 639 1671 cubicula
663 1628 759 1671 fieri
785 1630 835 1670 R.
868 1630 917 1670 P.
946 1636 1113 1681 noster,
1140 1635 1183 1670 et
1209 1641 1324 1681 quae
1347 1627 1433 1668 iam
1459 1628 1576 1669 facta
1598 1636 1725 1670 erant
1747 1642 1834 1669 sar-

217 1687 312 1740 ciri,
346 1690 512 1730 classes
542 1688 646 1729 item
677 1688 790 1728 duas
819 1694 862 1729 et
892 1686 976 1727 alia
1007 1700 1121 1740 quae
1151 1686 1401 1729 necessaria
1430 1695 1572 1728 erant.
1605 1687 1757 1741 Atque
1779 1686 1837 1727 ita

218 1747 429 1800 paulatim
454 1747 653 1790 excreuit
686 1748 870 1787 fratrum
907 1760 1123 1787 numerus
1151 1745 1257 1787 item
1295 1746 1407 1786 vltra
1436 1745 1765 1796 centenarium,
1791 1752 1835 1786 vt

215 1813 401 1848 externa
423 1806 642 1859 quaedam
667 1805 877 1846 cubicula
900 1805 1204 1847 necessarium
1232 1804 1362 1845 fuerit
1387 1805 1654 1847 conducere.

957 1898 1105 1955 [1554]

307 1985 441 2025 Anno
470 1992 580 2035 1554
609 1981 729 2023 varia
758 1981 1040 2022 habebantur
1068 1980 1186 2022 'inter
1211 1981 1369 2022 fratres
1399 1981 1608 2023 exercitia
1633 1980 1835 2035 spiritua·

218 2042 291 2085 lia.
318 2043 493 2085 Omnes
514 2041 646 2082 simul
670 2039 1018 2090 conueniebant,
1053 2048 1096 2081 et
1126 2039 1293 2093 singuli
1318 2039 1485 2094 aliquid
1509 2041 1761 2082 referebant
1784 2053 1836 2080 ex

217 2102 367 2142 audita
397 2100 614 2142 concione
643 2107 719 2140 aut
748 2113 884 2153 super
919 2097 1142 2152 proposita
1176 2098 1400 2140 sententia
1435 2098 1601 2152 aliquid
1626 2098 1680 2152 pii
1716 2112 1835 2140 com-

218 2160 550 2201 mentabantur.
586 2157 801 2200 Nonnulli
830 2172 878 2200 se
908 2164 1067 2198 mutuo
1099 2158 1519 2211 repraehendebant
1551 2165 1595 2199 et
1624 2158 1834 2199 adhorta-

218 2220 383 2261 bantur
407 2216 701 2272 frequentius,
734 2223 780 2256 vt
810 2216 896 2257 hoc
927 2216 1060 2256 modo
1091 2216 1146 2256 ad
1176 2229 1325 2257 veram
1354 2216 1422 2257 sui
1452 2216 1836 2258 mortificationem

218 2286 262 2320 et
287 2285 536 2331 promptam
561 2275 862 2318 obedientiam
887 2282 1037 2316 essent
1061 2275 1271 2329 expediti.
1293 2274 1552 2317 Institutum
1578 2288 1756 2329 quoque
1773 2281 1837 2316 est

218 2352 244 2379 a
261 2338 316 2379 R.
343 2338 393 2378 P.
422 2342 574 2377 nostro
599 2333 789 2388 ignatio,
814 2342 858 2374 vt
882 2340 963 2385 4⁰¹
985 2342 1135 2375 essent
1159 2333 1414 2383 consiliarii,
1437 2333 1511 2387 qui
1533 2334 1732 2375 omnium
1751 2347 1836 2374 mo-

220 2411 289 2438 res
312 2396 622 2443 obseruanteS,
647 2391 839 2447 singulis
862 2392 1022 2433 diebus
1045 2392 1220 2434 veneris
1246 2393 1429 2434 fratrum
1450 2393 1653 2435 defectus
1676 2392 1836 2433 indica-

221 2463 335 2497 rent.
364 2456 482 2495 Inter
510 2455 592 2494 hos
620 2466 726 2494 vero
756 2450 925 2504 primus
955 2451 1199 2492 accedebat
1231 2452 1280 2493 R.
1317 2453 1368 2493 P.
1402 2452 1625 2505 Olaueus,
1661 2459 1708 2492 ut
1738 2464 1838 2492 suos
1885 2496 1887 2504 Ι

219 2514 423 2556 defectus
447 2511 735 2565 intelligeret.
763 2510 868 2551 Erat
891 2509 1024 2551 etiam
1050 2509 1094 2550 in
1120 2524 1201 2551 vsu
1225 2510 1370 2551 rotula
1393 2510 1612 2564 quaedam
1636 2509 1834 2552 diuersa-
1884 2516 1887 2553 ὲ

221 2586 317 2613 rum
347 2570 696 2622 sententiarum,
733 2582 789 2610 ex
823 2567 986 2621 quibus
1016 2568 1324 2621 vnusquisque
1356 2583 1488 2611 vnam
1521 2568 1749 2623 accipiens
1785 2567 1837 2609 ad

221 2631 433 2685 pietatem
456 2638 500 2671 et
525 2627 844 2695 perfectionem
867 2627 1233 2669 extimulabatur.

310 2689 441 2731 Circa
463 2687 639 2729 initium
662 2685 797 2727 huius
822 2685 1034 2739 temporis
1063 2685 1319 2727 institutum
1351 2692 1418 2728 est
1441 2693 1487 2727 vt
1511 2685 1667 2728 ordine
1689 2697 1839 2726 omnes
1883 2709 1885 2718 2

221 2747 413 2802 singulis
436 2745 627 2788 diebus
618 2760 662 2786 in
686 2745 834 2786 culina
857 2745 1069 2786 scutellas
1092 2744 1342 2795 abluerent,
1368 2745 1423 2785 ad
1446 2745 1567 2798 quod
1585 2758 1697 2799 opus
1716 2741 1838 2799 primi
1882 2739 1885 2787 l

220 2821 397 2872 semper
419 2806 605 2848 aderant
628 2803 898 2858 superiores.

313 2866 443 2908 Circa
466 2864 641 2906 Iunium
666 2862 905 2929 plurimum
939 2867 1123 2902 auctum
1152 2868 1219 2902 est
1243 2861 1484 2916 collegium
1514 2860 1834 2917 germanicum,
1881 2881 1883 2903 ι

221 2933 265 2968 et
289 2938 490 2975 numero,
515 2930 558 2965 et
582 2921 881 2963 institutione.
908 2919 1069 2973 Coepit
1099 2933 1294 2974 namque
1317 2934 1635 2974 germanorum
1660 2919 1835 2961 confes-

222 2984 374 3027 siones
397 2982 551 3025 audire
572 2983 623 3023 R.
648 2983 699 3023 P.
721 2978 972 3030 Cornelius,
992 2978 1121 3019 cuius
1139 2977 1373 3032 diligentia
1393 2979 1636 3022 tredecim
1627 2992 1712 3020 iam
1729 2975 1835 3032 opti·
1880 2988 1883 3027 i
