1891 3292
573 192 1110 243 COMMENTAmotA.-1569
1537 212 1608 248 705

32 292 119 346 bet)
143 292 209 333 vir
232 292 411 346 quidam
436 293 563 336 diues
586 303 629 335 et
652 295 748 337 sine
772 296 921 339 liberis
938 299 1165 351 masculis,
1186 302 1378 356 collegio
1402 302 1566 347 ibidem
1590 305 1653 347 in·

30 352 256 394 stituendo
279 352 524 406 applicauit
552 363 661 406 1500
683 354 872 398 ducatos
889 359 1026 399 annui
1046 359 1260 411 redditus,
1281 375 1383 403 cum
1408 362 1551 417 ipsum
1577 378 1654 419 op-

32 411 181 466 pidum
204 411 386 452 domum
411 418 454 454 et
477 412 712 455 ecclesiam
742 428 790 456 se
819 416 1159 460 aedificaturum
1192 421 1447 474 recepisset,
1474 430 1517 463 et
1548 437 1652 465 con-

31 472 197 513 fectum
220 469 317 512 eius
341 470 618 512 fundationis
647 471 995 517 instrumentum
1029 477 1256 530 publicum
1293 480 1476 522 Romam
1513 482 1649 531 misit:

31 528 151 583 quod
173 528 217 570 in
241 528 432 582 gratiam
455 529 584 572 ducis
612 531 785 582 Feriae,
818 534 892 586 qui
923 535 1039 577 serio
1062 536 1104 577 id
1134 537 1311 591 negocii
1343 541 1652 594 promouebat‚

30 594 97 631 est
119 587 380 639 admissum,
407 588 443 629 si
467 595 615 631 tamen
635 591 853 643 quaedam
875 593 971 635 loca
989 608 1104 648 quae
1127 595 1170 636 in
1188 596 1487 640 instrumento
1505 614 1655 643 emen-

30 647 177 690 danda
200 646 484 698 videbantur,
511 649 872 693 emendarentur.

121 715 190 759 50.
257 707 304 747 In
340 706 524 749 ciuitate
555 708 784 751 Granatae
816 710 974 753 obiens
1007 713 1225 765 quaedam
1260 714 1422 757 nobilis
1451 723 1657 760 matrona

33 765 127 807 sine
150 764 266 817 filiis,
291 766 531 808 haeredem
555 766 748 809 instituit
773 769 1044 812 Societatem
1075 780 1290 823 nostram,
1323 781 1370 814 vt
1400 774 1444 815 in
1474 775 1658 818 ciuitate

35 826 208 867 Baecae
230 825 473 879 collegium
497 825 708 880 erigeret3
735 835 780 869 et
796 828 862 878 ,ad
893 840 946 870 22
977 829 1112 872 millia
1140 831 1405 874 ducatorum
1436 834 1652 888 scriptum

31 890 100 926 est
122 883 444 926 haereditatem
462 886 724 938 ascendere3
745 893 789 928 et
813 887 918 941 quia
941 888 975 930 si
1000 903 1097 931 eam
1118 904 1205 931 non
1230 891 1485 934 admitteret
1507 894 1654 937 Socie-

33 950 99 983 tas
121 941 238 984 intra
262 957 446 995 annum,
469 958 524 986 ex
547 945 704 987 eodem
737 953 1008 989 testamento
1037 949 1362 992 deuoluebatur
1392 952 1447 992 ad
1476 952 1560 995 alia
1589 953 1659 1008 pia

33 1015 184 1057 opera,
211 1003 296 1044 sub
319 1002 455 1044 finem
481 1004 696 1047 Octobris
723 1006 772 1047 P.
800 1006 1023 1060 generalis
1047 1021 1143 1048 eam
1167 1008 1357 1051 admisit.

121 1071 192 1113 51.
259 1062 375 1103 Cum
401 1062 544 1104 Toleti
570 1063 857 1106 incommodo
880 1065 995 1116 1000,
1020 1073 1064 1108 et
1093 1067 1255 1108 nostris
1284 1068 1543 1111 ministeriis
1567 1084 1656 1112 non

31 1126 152 1175 apto,
194 1120 418 1164 habitaret
452 1122 692 1165 Societatis
728 1125 927 1177 professa
956 1125 1132 1177 domus,
1165 1125 1385 1181 insignem
1417 1129 1656 1171 admodum

34 1186 77 1222 et
99 1181 472 1234 peraccomodam
511 1182 595 1223 sub
619 1182 753 1224 finem
778 1183 977 1235 Augusti
1016 1185 1196 1226 domum
1226 1187 1345 1228 nacti
1384 1195 1505 1240 sunt,
1532 1199 1576 1230 et
1601 1189 1657 1230 ad

34 1250 129 1279 eam
154 1239 526 1294 commigrarunt.
556 1243 660 1282 Erat
683 1255 733 1283 ea
757 1242 932 1284 comitis
960 1244 1015 1284 de
1050 1244 1217 1297 OrgaZ,
1244 1246 1318 1298 qui
1348 1246 1501 1288 habito
1534 1247 1658 1302 regio

33 1310 274 1349 consensu,
307 1299 358 1341 16
389 1299 585 1342 millibus
608 1301 873 1343 ducatorum
908 1316 1004 1343 eam
1041 1303 1204 1344 nostris
1237 1304 1451 1353 vendidit;
1479 1314 1522 1347 et
1556 1307 1658 1349 licet

36 1356 247 1411 relligiosi
271 1358 453 1412 quidam
476 1373 655 1401 omnem
681 1369 916 1403 mouerent
940 1360 1129 1415 lapidem
1151 1371 1195 1403 vt
1219 1362 1262 1403 id
1286 1364 1568 1418 impedirent,
1595 1366 1656 1407 ni-

37 1415 277 1458 hilominus
301 1432 468 1472 magno
498 1420 650 1461 fauore
680 1419 876 1461 ciuitatis
908 1429 951 1462 et
985 1421 1156 1462 consilii
1193 1422 1320 1475 regii,
1348 1425 1545 1476 professa
1582 1425 1656 1466 do-

36 1489 133 1516 mus
156 1490 253 1518 eam
277 1477 488 1528 obtinuit,
516 1492 631 1532 quae
654 1480 724 1520 vel
753 1493 806 1520 eo
836 1479 1016 1521 nomine
1045 1480 1236 1535 insignis
1265 1492 1348 1533 est,
1381 1483 1501 1536 quod
1533 1482 1576 1525 in
1607 1498 1658 1526 ea

35 1534 139 1576 olim
163 1535 295 1577 divus
318 1537 492 1578 Illefons
504 1552 553 1579 us
577 1545 709 1579 natus
732 1545 815 1580 est.

124 1603 194 1647 52.
260 1596 360 1637 Hac
382 1604 554 1638 aestate
577 1597 714 1651 pestis
745 1597 1018 1652 Vllisiponae
1041 1598 1214 1649 saeuiit;
1247 1605 1291 1640 et
1320 1613 1421 1640 cum
1455 1601 1591 1641 nostri
1616 1608 1660 1642 vt

35 1652 238 1696 desertae
261 1669 285 1695 a
310 1655 517 1709 parochis
541 1656 742 1710 plurimis
764 1656 935 1698 ciuitati
966 1657 1272 1709 subuenirent,
1298 1666 1341 1699 et
1368 1659 1660 1702 moribundos

37 1712 258 1765 iuuarent‚
284 1721 510 1756 strenuam
541 1729 721 1770 operam
757 1731 834 1770 pro
868 1731 990 1759 more
1022 1716 1362 1770 impendissent,
1398 1718 1573 1772 plurimi
1605 1734 1661 1762 ex

35 1770 111 1823 eis,
131 1780 174 1813 et
191 1773 364 1828 egregii
388 1774 591 1828 operarii,
614 1776 771 1818 eodem
792 1777 948 1816 morbo
967 1783 1198 1817 contracto
1217 1775 1261 1816 in
1282 1775 1507 1819 meliorem
1526 1778 1658 1820 vitam

35 1831 407 1887 commigrarunt.
1226 1863 1231 1867 ·

125 1900 195 1944 53.
263 1893 428 1934 Eadem
462 1899 647 1948 aestate,
684 1907 784 1935 cum
827 1902 924 1947 post
957 1893 1204 1935 discessum
1242 1895 1291 1936 P.
1328 1895 1564 1937 Posseuini
1608 1912 1662 1939 ex

40 1949 172 2000 Vrbe,
205 1950 379 1993 litterae
407 1952 625 2006 quaedam
656 1953 927 2007 apostolicae
950 1953 1004 1994 de
1032 1952 1320 2006 inquisitione
1350 1954 1502 1995 nescio
1530 1957 1656 2010 quid,

37 2018 81 2052 et
103 2010 160 2050 de
189 2011 506 2053 reformatione
536 2019 795 2062 tractantes,
823 2012 867 2053 in
890 2026 986 2054 eam
1019 2010 1172 2053 vrbem
1199 2011 1231 2030 ¹⁵
1257 2014 1584 2066 peruenissent,
1619 2025 1661 2059 et

40 2069 280 2110 multorum
303 2069 475 2112 animos
498 2071 806 2122 offendissent,
828 2071 1007 2124 quidam
1031 2086 1184 2125 parum
1205 2072 1378 2114 sincere
1397 2073 1451 2114 de
1470 2075 1659 2130 relligio-

41 2142 95 2170 ne
118 2128 179 2183 (vt
204 2129 319 2171 fama
342 2130 423 2182 est)
446 2130 708 2181 sentientes,
735 2145 786 2172 ea
809 2131 1044 2171 occasione
1068 2131 1148 2182 vsi,
1176 2130 1405 2172 ciuitatem
1423 2131 1485 2173 sic
1509 2144 1663 2176 contra

43 2188 92 2229 Ρ.
128 2189 443 2241 Posseuinum,
475 2197 519 2229 vt
549 2203 682 2243 quem
712 2199 940 2231 auctorem
973 2190 1185 2232 dicebant
1217 2189 1472 2231 huiusmodi
1498 2193 1656 2236 littera-

43 2260 137 2288 rum
161 2248 522 2301 apostolicarum,
546 2257 906 2302 commouerunt,
930 2258 975 2290 vt
993 2248 1029 2290 si
1052 2250 1216 2290 ibidem
1243 2249 1478 2304 extitisset,
1500 2253 1662 2295 discer-

43 2306 214 2360 pendus
244 2307 382 2348 fuisse
411 2307 704 2351 existimetur.
740 2309 786 2349 In
819 2308 963 2363 ipsum
995 2309 1234 2359 collegium
1269 2308 1452 2361 proinde
1483 2311 1660 2363 infensi,

43 2372 216 2406 tantum
241 2380 334 2407 non
358 2366 467 2408 illud
498 2367 719 2410 hostiliter
765 2378 1031 2421 nostrosque
1060 2369 1340 2419 inuaserunt,
1367 2375 1410 2408 et
1434 2375 1479 2409 vt
1505 2372 1667 2412 tumul-

45 2431 137 2466 tum
181 2435 518 2480 compescerent
562 2426 837 2477 huiusmodi,
883 2428 955 2469 vel
997 2427 1080 2467 alia
1124 2441 1178 2468 ex
1222 2439 1371 2475 causa,
1418 2440 1669 2471 conuocato

44 2483 245 2526 omnium
270 2494 468 2527 statuum
493 2494 739 2536 conuentu,
766 2487 996 2528 decretum
1021 2494 1088 2527 est
1113 2494 1158 2526 vt
1184 2494 1270 2525 tam
1296 2485 1453 2525 domus
1477 2489 1668 2544 collegio

46 2543 223 2595 donata,
251 2558 382 2598 quam
408 2544 624 2595 redditus,
650 2546 688 2586 ei
713 2547 980 2599 auferretur,
1009 2545 1126 2598 quod
1152 2553 1238 2585 tam
1270 2544 1473 2597 ingratus
1496 2547 1665 2590 ciuitati

48 2603 322 2644 Posseuinus
345 2603 582 2646 extitisset.
610 2605 699 2647 Sed
723 2619 824 2645 cum
852 2606 973 2645 furor
996 2604 1067 2646 ille
1098 2602 1322 2657 popularis
1350 2603 1664 2660 deferbuisset,

44 2662 281 2703 cardinalis
311 2663 365 2704 de
396 2663 662 2704 Arminiaco
691 2664 984 2718 vicelegatus,
1017 2674 1059 2704 et
1091 2665 1319 2717 primores,
1351 2661 1393 2702 in
1426 2667 1667 2721 collegium

46 2720 291 2774 venientes,
318 2722 427 2763 illud
451 2723 665 2763 consolati
691 2730 813 2773 sunt,
841 2730 883 2764 et
907 2722 1054 2763 omnia
1078 2723 1200 2763 salua
1224 2727 1271 2760 vt
1294 2719 1416 2773 prius
1436 2722 1532 2766 fore
1555 2727 1667 2767 affir-

47 2788 237 2822 marunt.
275 2781 481 2822 Pontifex
510 2781 641 2823 etiam
666 2796 869 2823 summus
901 2781 1058 2822 litteris
1081 2781 1122 2821 in
1159 2782 1298 2821 forma
1320 2779 1471 2825 breuis
1494 2784 1671 2840 scriptis

46 2837 127 2892 ipsi
156 2839 344 2889 ciuitati,
385 2848 428 2882 et
459 2841 671 2882 cardinali
696 2841 974 2894 Arminiaco,
1005 2847 1048 2881 et
1072 2840 1236 2880 nuncio
1265 2842 1510 2891 apostolico
1550 2845 1669 2899 apud

48 2911 197 2952 regem
220 2898 395 2942 Galliae
418 2900 487 2954 (ad
510 2900 639 2941 cuius
662 2900 831 2941 curiam
856 2913 1005 2939 rumor
1030 2899 1145 2940 idem
1168 2900 1353 2943 odiosus
1370 2902 1495 2944 valde
1515 2918 1670 2958 perue-

118 3028 145 3047 15
196 3029 437 3063 Avenionem
456 3039 528 3063 sc.:
545 3029 594 3063 cf.
617 3029 660 3063 S.
683 3028 827 3063 Frcmc.
852 3029 990 3073 Borg,
1012 3028 1058 3071 V,
1084 3028 1159 3064 118.

224 3094 378 3122 PoLANcr
392 3092 778 3121 coMPLEMI·1NTA.—T.H
838 3105 841 3106 ⁷
1498 3100 1532 3127 45
