1891 3292
263 231 331 263 810
749 230 937 264 POLANCt
956 239 1273 264 COMPLEMENTA

305 328 371 383 3.⁰
438 328 744 372 Periculosum
780 339 864 380 est,
894 331 1023 384 juxta
1048 330 1216 373 Christi
1254 329 1538 380 sententiam,
1580 331 1838 374 admovisse

214 390 392 429 manum
427 388 482 429 ad
515 395 711 429 aratrum
745 397 789 432 et
823 396 940 430 retro
975 389 1209 443 respicere3
1246 389 1358 430 adeo
1393 396 1440 429 ut
1474 390 1584 431 tales
1616 403 1705 430 non
1740 404 1839 433 esse

214 454 339 501 aptos
363 447 418 487 ad
441 461 631 503 regnum
663 447 760 498 Dei,
793 447 911 489 dicat
934 447 1029 501 ipsa
1054 447 1230 490 Veritas
1264 449 1294 488 ².
1333 448 1410 497 At,
1439 447 1573 490 frater
1607 447 1682 502 mi,
1721 455 1838 490 retro

213 506 426 559 aspicere,
453 513 520 547 est
542 506 748 548 deserere
771 506 886 547 viam
907 506 1199 560 perfectionis
1221 516 1492 560 susceptam,
1521 513 1699 561 propter
1723 507 1834 548 affe-

214 572 312 605 ctus
337 565 559 605 humanos
582 566 651 607 vel
675 565 839 617 carnis,
866 565 909 605 id
933 573 999 607 est
1026 572 1234 619 parentes
1256 572 1343 607 etc.

301 629 367 675 4⁰
430 623 532 664 Non
557 631 624 665 est
647 638 872 674 securum,
909 637 1010 664 cum
1044 623 1220 665 fatearis
1250 623 1361 677 ipse,
1394 623 1512 677 quod
1541 623 1585 664 in
1616 623 1839 666 Societate

213 681 297 722 hac
322 682 561 735 profeceris
585 682 701 736 (licet
726 690 905 736 propter
930 690 1050 723 tuam
1074 681 1530 725 immortificationem
1554 681 1701 724 minus
1719 681 1838 736 quie-

214 746 286 781 tus
311 740 460 795 fueris)
484 740 739 782 institutum
763 749 951 784 mutare.

303 799 369 851 5.⁰
436 799 546 840 Vide
569 814 626 842 ne
649 799 928 854 ingratitudo
952 799 993 840 in
1022 801 1182 851 Deum,
1207 798 1280 853 qui
1305 806 1349 840 te
1365 798 1540 840 vocavit
1558 813 1731 840 summa
1752 799 1839 853 pie·

215 863 304 899 tate
327 858 382 898 ad
407 858 495 899 hoc
519 866 724 899 sanctum
747 858 1019 908 institutum,
1043 867 1086 901 et
1109 858 1296 912 egregia
1319 857 1442 899 dedit
1465 857 1589 899 initia
1618 871 1720 899 cum
1755 859 1837 899 bo—

213 930 371 957 norum
397 931 560 970 magna
583 917 912 967 aedificatione,
939 919 985 959 in
1009 931 1144 959 causa
1167 917 1223 958 sit
1249 925 1295 958 ut
1320 924 1362 958 te
1386 916 1601 958 destituat
1623 916 1721 970 ejus
1739 930 1837 971 gra-

215 975 288 1027 tia,
312 989 414 1016 cum
440 976 630 1029 ingratis
652 975 747 1030 ipse
771 975 1101 1018 misericordiae
1126 977 1224 1017 fons
1248 989 1450 1017 arescere
1473 975 1629 1017 soleat.

304 1033 371 1075 6.⁰
438 1034 694 1076 Periculosa
727 1042 794 1077 est
827 1035 959 1076 etiarn
996 1034 1275 1089 ingratitudo
1309 1034 1352 1074 in
1392 1035 1531 1088 ipsam
1566 1034 1838 1077 Societatem

212 1095 347 1146 (quae
370 1092 544 1134 sincero
568 1101 611 1135 et
636 1108 722 1135 non
749 1093 960 1135 mediocri
977 1094 1146 1136 affectu
1164 1092 1397 1135 charitatis
1417 1100 1460 1135 te
1485 1093 1607 1144 fovit,
1629 1101 1672 1135 et
1692 1100 1840 1135 tecum

211 1151 444 1203 laboravit;
470 1161 513 1193 et
539 1160 691 1206 parata
713 1160 781 1194 est
804 1153 927 1195 nulla
945 1152 988 1193 in
1009 1167 1055 1195 re
1072 1153 1194 1206 justa
1219 1152 1376 1194 deesse
1400 1151 1479 1192 tibi
1503 1152 1546 1192 in
1573 1153 1836 1205 posterum),

211 1210 246 1251 si
271 1210 411 1264 ipsam
435 1210 675 1264 relinquas;
697 1225 798 1253 curn
816 1211 1075 1265 praesertim
1095 1210 1205 1252 nihil
1229 1211 1319 1260 illa,
1342 1210 1425 1251 nisi
1446 1217 1568 1251 tuam
1588 1211 1778 1253 salutem
1796 1220 1840 1253 et

214 1269 532 1323 perfectionem
559 1278 604 1312 et
629 1270 711 1312 Dei
735 1271 779 1311 in
806 1279 848 1312 te
873 1271 1091 1312 honorem
1116 1285 1141 1311 a
1167 1280 1208 1312 te
1231 1277 1452 1324 expectet.

302 1327 369 1380 7.Ο
432 1328 589 1372 Timeo
614 1329 707 1380 tibi,
731 1329 766 1370 si
790 1329 845 1371 ad
875 1330 1105 1370 saeculum
1137 1330 1309 1379 redeas,
1337 1343 1392 1370 ne
1417 1342 1504 1369 non
1529 1329 1644 1370 bene
1674 1327 1840 1370 tuearis

211 1388 464 1428 castitatem
497 1388 612 1429 inter
652 1396 739 1429 tam
781 1389 944 1429 multas
981 1387 1241 1430 occasiones
1278 1387 1398 1428 illam
1435 1386 1631 1428 violandi
1671 1386 1757 1428 ista
1796 1386 1838 1427 in

213 1452 377 1488 aetate.

303 1505 370 1548 8.⁰
435 1504 593 1547 Timeo
618 1505 752 1547 etiam
777 1521 832 1548 ne
858 1513 899 1548 te
920 1507 1113 1547 mundus
1132 1505 1329 1546 involvat
1354 1504 1526 1558 laqueis
1559 1503 1837 1558 cupiditatis,

212 1577 326 1617 quae
361 1564 484 1605 radix
517 1572 582 1606 est
617 1566 833 1606 malorum
866 1564 1082 1615 omnium,
1109 1564 1358 1606 secundum
1386 1564 1574 1605 Paulum
1601 1562 1632 1614 3;
1659 1563 1695 1604 si
1721 1563 1839 1605 enim

213 1637 303 1663 non
328 1623 531 1667 abundas
554 1623 795 1664 admodum
822 1623 1104 1677 patrimonio,
1126 1622 1379 1664 sollicitudo
1397 1621 1640 1676 quaerendi
1660 1621 1779 1663 vitae
1796 1627 1841 1664 et

214 1681 351 1722 statui
378 1682 645 1732 necessaria,
673 1690 715 1724 te
740 1690 889 1736 posset
913 1684 1123 1725 obruere.

301 1748 366 1797 9.0
435 1741 701 1782 Periclitaris
724 1741 856 1783 etiam
881 1742 936 1783 de
959 1741 1011 1782 iis
1035 1755 1149 1795 quae
1178 1740 1234 1781 ad
1263 1739 1517 1793 superbiam
1549 1738 1667 1781 vitae
1701 1738 1839 1793 perti-

215 1807 339 1848 nent,
382 1800 642 1854 praesertim
672 1801 727 1842 de
757 1800 1001 1841 ambitione
1031 1800 1074 1841 in
1109 1800 1278 1848 seculO,
1312 1807 1492 1853 propter
1516 1805 1702 1840 naturae
1738 1805 1841 1839 tuae

215 1860 560 1912 propensionem
585 1867 671 1900 etc.

308 1929 372 1959 Io.
442 1917 747 1959 Periculosum
784 1917 860 1958 tibi
897 1924 1029 1967 esset,
1066 1917 1203 1959 libere
1237 1924 1314 1958 tuo
1338 1915 1509 1970 judicio
1541 1922 1584 1958 et
1609 1915 1842 1957 voluntate

214 1975 317 2016 ferri
342 1976 384 2017 in
409 1977 543 2017 rebus
568 1976 670 2024 tuis,
697 1990 797 2017 cum
823 1975 1097 2031 experientia
1126 1975 1373 2026 edocuerit,
1408 1984 1449 2016 te
1480 1989 1567 2016 non
1598 1973 1841 2015 admodum

211 2042 494 2077 constantem
519 2049 631 2086 θεεθ;
660 2036 778 2077 unde
801 2035 836 2075 si
863 2043 905 2077 te
930 2049 1016 2076 non
1043 2035 1259 2076 stabiliret
1284 2033 1568 2076 obedientiae
1593 2033 1724 2082 ratio,
1761 2033 1841 2073 flu·

211 2101 388 2135 ctuares
413 2095 566 2148 procul
590 2094 742 2144 dubio,
772 2094 1026 2147 praesertim
1053 2094 1192 2147 (quod
1212 2102 1286 2134 tua
1306 2092 1436 2135 venia
1455 2093 1509 2133 sit
1530 2091 1716 2146 dictum)
1737 2105 1840 2133 curn

212 2151 344 2193 etiam
367 2153 693 2206 deprehensum
719 2152 787 2202 sit,
815 2159 856 2193 te
888 2167 980 2193 non
1010 2166 1109 2195 esse
1142 2152 1186 2194 in
1220 2151 1408 2206 agendis
1444 2151 1684 2193 admodum
1724 2149 1843 2191 felici

205 2209 395 2263 judici03
431 2219 474 2252 at
510 2212 595 2252 hoc
629 2225 774 2265 genus
808 2212 1040 2253 hominum
1074 2225 1359 2265 summopere
1393 2218 1497 2264 eget
1533 2208 1839 2251 moderamine

214 2270 514 2312 obedientiae.

308 2340 372 2371 11.
440 2329 556 2370 Cum
591 2328 797 2371 Christus
830 2328 1004 2371 dixerit:
1043 2328 1159 2383 «Qui
1189 2327 1335 2382 diligit
1360 2334 1527 2381 patrem
1552 2335 1628 2368 aut
1654 2335 1839 2367 matrem

215 2387 314 2441 plus
336 2401 468 2441 quam
494 2402 580 2437 me,
605 2402 693 2428 non
717 2397 784 2429 est
810 2402 879 2428 me
900 2387 1092 2442 dignus»
1121 2387 1149 2439 ⁴,
1178 2387 1476 2441 periculosum
1500 2393 1585 2436 est,
1612 2400 1668 2427 ne
1695 2391 1738 2426 te
1768 2384 1840 2426 de-

213 2445 368 2487 stituat
394 2454 605 2500 tanquam
630 2446 883 2501 indignum,
916 2456 959 2489 et
989 2447 1032 2487 in
1062 2460 1234 2488 errores
1262 2445 1365 2487 fidei
1395 2445 1465 2486 vel
1496 2458 1670 2485 morum
1702 2442 1842 2497 (quod

213 2512 386 2547 avertat
419 2505 575 2559 Deus),
615 2519 694 2559 pro
727 2505 895 2559 ingenii
931 2504 993 2546 tui
1029 2505 1346 2558 obstinatione,
1383 2503 1498 2544 sinat
1536 2515 1764 2553 corruere;
1806 2501 1841 2542 si

212 2563 329 2604 enirn
357 2572 404 2605 tu
428 2564 656 2606 desereres
678 2563 824 2617 ipsum
857 2570 1036 2618 propter
1065 2563 1213 2605 carnis
1241 2564 1449 2614 affectus,
1484 2561 1641 2604 merito
1672 2560 1765 2615 ipse
1799 2566 1842 2602 te

211 2622 452 2673 desereret,
478 2623 599 2676 quod
622 2622 752 2665 absit.

308 2693 374 2722 12.
444 2683 631 2735 Propter
654 2681 846 2736 impetus
870 2689 973 2722 tuae
995 2688 1182 2722 naturae
1200 2687 1243 2722 et
1261 2679 1461 2721 tristitias
1480 2692 1530 2720 ac
1548 2676 1836 2729 diffidentias,

216 2739 293 2780 tibi
319 2740 462 2793 magis
484 2754 616 2793 quam
641 2739 737 2782 aliis
757 2739 1057 2794 periculosum
1077 2746 1195 2782 esset
1219 2739 1429 2782 recedere
1453 2752 1477 2779 a
1501 2737 1738 2790 religione,
1766 2735 1841 2776 ubi

213 2799 353 2840 habes
377 2798 451 2852 qui
478 2806 521 2841 te
544 2800 849 2851 consolentur,
876 2798 1076 2852 dirigant
1100 2805 1143 2840 et
1165 2797 1360 2852 erigant.
1386 2796 1433 2840 Si
1457 2795 1576 2838 enirn
1600 2796 1643 2836 in
1669 2795 1774 2845 ullo,
1797 2793 1841 2835 in

214 2866 256 2898 te
278 2857 425 2899 locum
451 2858 590 2900 habet
612 2857 721 2898 illud
745 2857 975 2912 sapientis:
1007 2857 1129 2899 «Vae
1159 2857 1256 2908 soli,
1282 2856 1317 2897 si
1346 2855 1463 2897 enirn
1498 2853 1726 2904 ceciderit,
1753 2867 1843 2893 non

285 2998 297 3016 2
350 2998 466 3041 Luc,
488 2998 555 3039 IX,
575 2998 633 3032 62.
1253 2998 1266 3016 ³
1316 2996 1333 3030 I
1352 2996 1467 3039 ΤῙΜ.,
1488 2995 1553 3035 VI,
1578 3003 1633 3030 10.

284 3045 297 3063 ⁴
349 3045 533 3088 MATTH.,
557 3046 604 3088 X,
621 3045 679 3089 37.
