1891 3292
282 181 350 225 706
789 179 973 213 POLANOE
1001 185 1317 213 COMPLEMENTA

236 283 378 331 nerat)
403 286 591 322 testatus
613 287 680 322 est
703 278 1007 321 innocentiam
1034 280 1085 322 Ρ.
1114 277 1364 328 Posseuini,
1390 284 1433 319 et
1457 277 1685 332 ingenuus
1709 278 1850 333 inqui-

235 339 358 391 sitor,
386 338 460 392 qui
486 340 651 381 Romae
676 344 782 379 tunc
804 344 914 388 erat,
940 351 989 378 se
1011 344 1239 379 auctorem
1264 336 1381 377 illius
1402 336 1587 387 decreti,
1609 349 1660 377 ac
1682 351 1729 378 se
1747 352 1852 393 sug-

235 396 405 451 gesisse
436 396 642 441 Pontifici
672 398 899 451 professus
927 404 1010 447 est;
1037 397 1154 438 vnde
1186 395 1320 437 facies
1352 409 1501 437 rerum
1526 395 1652 437 breui
1681 402 1749 437 est
1772 396 1848 438 im-

235 462 420 498 mutata.

323 524 392 567 54.
458 514 574 556 Cum
604 512 818 566 Lugduni
846 519 1100 555 versaretur
1131 514 1181 555 Ρ.
1214 511 1489 554 Posseuinus
1517 525 1619 553 curn
1650 511 1851 555 visitato—

233 586 296 625 re,
322 582 364 614 et
388 587 504 615 Vnus
527 587 582 615 ex
604 572 864 614 consulibus
887 571 1269 614 auenionensibus
1292 571 1346 612 ad
1370 570 1641 613 cardinalem
1674 572 1845 614 Borbo-

234 631 448 685 nium,‘in
478 631 598 686 regis
625 630 798 674 Galliae
828 629 1014 683 curiam,
1041 632 1326 684 protecturus
1354 636 1489 682 esset,
1522 630 1648 684 petiit
1676 629 1721 670 in
1751 644 1852 685 gra·
1890 648 1891 661 1

232 690 336 732 tiam
359 689 571 742 ciuitatis,
595 697 641 731 vt
667 691 716 731 P.
746 688 1023 732 Posseuinus
1046 703 1098 730 eo
1121 703 1169 732 se
1191 688 1323 730 etiam
1348 688 1587 741 conferret,
1609 695 1653 729 et
1679 703 1847 742 promo·

234 756 357 791 ueret
389 749 508 803 apud
537 750 737 803 legatum
771 747 1042 790 cardinalem
1075 762 1255 789 causam
1289 746 1403 799 eius;
1435 747 1555 801 quod
1585 754 1629 788 et
1660 747 1780 799 fecit;
1807 756 1851 790 et

231 821 331 849 cum
350 808 619 850 cardinalem
643 807 762 863 (ante
785 821 917 860 quam
940 806 1085 861 ipsum
1109 806 1265 860 adiret)
1289 820 1368 860 per
1390 806 1677 848 secretarium
1696 807 1752 849 de
1770 822 1848 850 ne—

230 867 360 921 gocio
402 866 696 909 auenionensi
734 865 999 908 reddidisset
1035 865 1288 917 certiorem,
1334 872 1551 918 exceptus
1594 870 1661 907 est
1699 865 1754 906 ab
1797 880 1851 908 eo

230 925 548 977 amantissime;
575 931 618 968 et
640 939 743 967 cum
769 925 902 967 vellet
925 924 1127 967 seuerius
1150 924 1192 964 in
1217 924 1544 965 auenionenses
1569 923 1846 965 animaduer-

231 991 338 1036 tere,
365 984 408 1026 in
427 992 633 1025 auctores
651 983 820 1026 scilicet
844 982 1094 1034 sedicionis,
1121 982 1328 1036 repressit
1346 982 1443 1023 eius
1465 982 1664 1023 animum
1692 984 1845 1025 Posse-

232 1043 380 1094 uinus;
406 1050 449 1086 et
472 1042 671 1085 officiose
695 1041 882 1096 negocia
905 1041 1099 1090 ciuitatis
1121 1041 1161 1083 ei
1184 1040 1532 1083 commendauit.
1559 1041 1674 1082 Cum
1699 1049 1844 1083 autem

230 1102 286 1144 de
308 1116 532 1143 consensu
557 1101 825 1156 praestando
847 1101 902 1142 ad
925 1099 1269 1155 applicationem
1307 1112 1383 1142 [00
1414 1110 1454 1145 V
1485 1114 1735 1141 annuorum
1767 1115 1842 1142 su·

232 1175 308 1214 per
325 1160 564 1216 legationis
584 1159 830 1201 redditibus
843 1173 945 1201 cum
963 1173 1017 1201 eo
1036 1159 1220 1213 egisset,
1234 1158 1423 1200 libenter
1439 1173 1541 1201 eum
1557 1158 1791 1212 praestitit;
1804 1169 1848 1201 et

229 1221 410 1274 insuper
434 1234 487 1261 ex
512 1219 641 1260 bonis
663 1218 917 1260 confiscatis
941 1218 1172 1260 rebellium
1198 1224 1241 1259 et
1265 1217 1608 1267 haereticorum,
1630 1231 1769 1271 Vsque
1793 1220 1847 1260 ad

231 1292 451 1320 summam
482 1290 590 1321 1200
620 1278 873 1319 francorum
903 1277 1039 1318 annui
1065 1275 1263 1318 redditus
1306 1275 1553 1329 assignauit
1587 1276 1643 1317 ad
1666 1276 1844 1318 domum

229 1337 505 1392 probationis
528 1336 867 1387 instituendam,
893 1336 961 1377 vel
987 1334 1284 1389 collegialium
1310 1349 1545 1377 numerum
1569 1335 1841 1389 augendum.

318 1406 387 1449 55.
456 1397 571 1438 Cum
595 1395 764 1437 Turoni
788 1394 905 1437 idem
933 1396 981 1436 Ρ.
1011 1393 1304 1445 Posseuinus,
1332 1393 1405 1435 vbi
1438 1401 1532 1436 erat
1561 1394 1684 1435 curia
1709 1394 1842 1447 regis,

232 1454 593 1508 frequentissimo
623 1453 843 1496 auditorio
870 1453 1212 1495 concionaretur
1239 1453 1294 1495 de
1327 1453 1614 1495 veneratione
1645 1452 1738 1496 S.¹1¹'¹
1769 1454 1846 1496 Sa-

227 1513 459 1564 cramenti,
487 1514 605 1567 quod
635 1519 834 1567 apertum
860 1512 903 1554 in
929 1512 1062 1554 variis
1096 1511 1271 1565 templis
1299 1511 1575 1553 venerationi
1599 1512 1747 1566 populi
1772 1526 1842 1554 ex-

228 1572 419 1626 positum
438 1580 547 1623 erat,
571 1571 722 1626 paucis
741 1578 839 1625 post
862 1571 1021 1614 diebus
1045 1577 1199 1612 secuta
1222 1577 1288 1612 est
1313 1569 1505 1624 insignis
1526 1578 1681 1612 contra
1700 1585 1841 1613 sacra-

226 1632 466 1673 mentarios
494 1631 696 1672 victoria.
729 1630 907 1671 Interim
939 1629 1226 1684 priuilegium
1257 1644 1281 1670 a
1312 1629 1437 1683 regio
1469 1628 1656 1670 consilio
1686 1637 1730 1671 et
1752 1629 1846 1684 ipso

227 1704 333 1744 rege
362 1691 595 1733 obtentum
627 1696 707 1741 est,
732 1696 775 1730 vt
800 1689 949 1731 nullus
972 1687 1211 1731 Societatis
1236 1694 1413 1728 nostrae
1442 1687 1658 1738 desertor,
1686 1689 1740 1729 ad
1764 1702 1842 1743 pu-

227 1749 386 1790 blicam
416 1748 668 1798 lectionem,
693 1749 760 1790 vel
785 1748 896 1788 vllos
929 1748 1125 1789 honores
1150 1745 1355 1800 publicos
1379 1747 1703 1789 admitteretur.
1741 1748 1842 1788 Pro-

228 1807 361 1849 missa
394 1808 527 1850 etiam
576 1814 680 1848 sunt
716 1806 877 1848 auxilia
921 1805 1198 1860 lugdunensi
1243 1805 1434 1860 collegio
1469 1813 1511 1848 et
1548 1805 1644 1848 aliis
1682 1820 1706 1847 a
1740 1819 1846 1861 rege

227 1865 376 1915 xfimo,
404 1874 501 1921 post
525 1867 689 1908 bellum
713 1866 988 1907 confectum.

314 1925 383 1978 56.
449 1925 706 1985 Collegium}¹
732 1926 972 1965 rhutenum
1009 1934 1092 1964 2oo
1123 1921 1269 1964 aureis
1299 1923 1435 1964 annui
1459 1923 1658 1965 redditus
1680 1931 1748 1965 est
1770 1937 1841 1965 au—

225 1990 363 2036 ctum,
389 1991 432 2025 et
457 1994 509 2036 25
545 1984 678 2025 millia
708 1984 961 2024 francorum
987 1981 1175 2023 tolosani
1207 1981 1505 2023 decreuerunt
1529 1982 1572 2024 in
1595 1982 1842 2025 subsidium

225 2042 401 2096 collegii
425 2042 509 2084 sui.
1532 2063 1534 2067 >

313 2112 382 2154 57.
449 2102 564 2143 Cum
602 2099 802 2154 tragedia
836 2098 1073 2140 Panhormi
1106 2112 1130 2138 a
1162 2098 1324 2139 nostris
1354 2100 1608 2141 exhibenda
1636 2107 1768 2150 esset,
1802 2106 1843 2142 et

225 2159 309 2201 iarn
345 2160 495 2201 omnia
528 2166 678 2214 parata
713 2165 878 2208 essent,
914 2166 957 2200 et
988 2171 1145 2212 prorex
1174 2170 1275 2197 cum
1310 2158 1646 2211 magistratibus
1674 2166 1718 2200 et
1741 2158 1843 2200 aliis

223 2218 491 2273 primoribus
514 2218 601 2258 iam
633 2217 718 2258 iam
743 2216 940 2258 adfuturi
971 2223 1137 2265 essent,
1167 2230 1220 2257 ex
1243 2217 1508 2258 auctoritate
1531 2217 1838 2272 inquisitorum

224 2278 485 2319 mandatum
508 2290 575 2318 est
600 2275 762 2317 nostris
787 2289 841 2317 ne
864 2290 960 2316 eam
989 2282 1376 2329 repraesentarent
1399 2283 1502 2318 ante
1530 2290 1662 2330 quam
1686 2291 1709 2318 a
1733 2277 1842 2320 San-

221 2342 293 2379 eto
317 2336 482 2378 Officio
511 2334 856 2385 examinaretur3
883 2341 926 2376 et
952 2348 1114 2387 magno
1147 2347 1249 2374 cum
1285 2333 1554 2376 offendiculo
1584 2350 1651 2377 res
1675 2343 1741 2377 est
1764 2335 1841 2375 im-

224 2394 387 2448 pedita3
415 2402 459 2438 et
481 2394 526 2435 in
555 2408 689 2436 causa
715 2392 795 2434 tuit
818 2393 1068 2446 indignatio
1100 2391 1379 2445 inquisitoris
1412 2395 1617 2444 Becerra,
1645 2394 1839 2448 quicum

225 2454 355 2495 vellet
384 2454 601 2495 interesse
632 2451 858 2506 tragediae
885 2451 1049 2492 actioni
1081 2451 1186 2491 dum
1208 2451 1483 2503 probaretur,
1514 2453 1682 2494 foribus
1704 2453 1841 2495 eccle-

223 2512 313 2554 siae
342 2513 520 2566 clausis,
548 2525 636 2552 non
661 2519 727 2552 est
761 2511 973 2563 cognitus
998 2523 1078 2550 nec
1105 2509 1343 2562 admissus;
1377 2511 1493 2552 vnde
1523 2511 1841 2565 interpretatus

226 2586 314 2613 rem
339 2572 531 2622 sinistre,
559 2571 677 2624 quod
703 2569 977 2623 praedictum
1003 2576 1070 2611 est
1094 2568 1259 2619 effecit,
1285 2576 1328 2610 et
1351 2569 1560 2623 grauiora
1583 2585 1631 2612 se
1659 2571 1840 2612 effectu-

224 2644 319 2671 rum
345 2638 410 2672 est
435 2629 751 2671 comminatus.

312 2689 379 2741 58.
443 2688 726 2730 Ferrariense
749 2685 986 2739 collegium
1011 2686 1095 2725 hoc
1121 2698 1241 2725 anno
1267 2699 1473 2739 magnam
1498 2686 1757 2728 charitatem
1776 2686 1838 2726 in-

222 2746 359 2788 firmis
383 2747 614 2802 impendit;
640 2753 683 2786 et
707 2744 911 2799 quamuis
936 2743 1122 2798 penuria
1147 2751 1190 2785 et
1219 2758 1365 2785 rerum
1390 2745 1573 2787 caritate
1596 2760 1647 2787 ea
1671 2745 1714 2786 in
1737 2745 1838 2786 vrbe

224 2806 515 2857 laboraretur,
543 2819 630 2846 non
653 2805 796 2845 solum
820 2802 1069 2845 necessaria
1097 2802 1264 2842 nostris
1291 2816 1377 2843 non
1402 2804 1659 2855 defuerunt,
1686 2817 1835 2846 verum

222 2864 551 2914 donationibus,
578 2870 621 2906 et
649 2862 808 2917 legatis
837 2864 1077 2902 multorum
1101 2868 1230 2902 aucta
1260 2868 1326 2902 est
1357 2861 1534 2917 collegii
1565 2863 1767 2913 facultas,
1792 2867 1837 2902 vt

222 2937 395 2964 annuos
426 2923 626 2965 redditus
654 2935 788 2975 supra
812 2931 894 2961 2oo
917 2933 1153 2962 aureorum
1185 2933 1334 2961 emere
1358 2921 1599 2974 potuerint,
1626 2928 1669 2965 et
1692 2921 1747 2962 de
1769 2933 1836 2963 ec-

219 2982 353 3023 clesia
377 2996 492 3024 noua
518 2980 718 3024 facienda
742 2979 857 3020 serio
882 2985 1089 3020 tractent.
