<?xml version="1.0" encoding="UTF-8"?>
<!DOCTYPE html PUBLIC "-//W3C//DTD XHTML 1.0 Transitional//EN"
    "http://www.w3.org/TR/xhtml1/DTD/xhtml1-transitional.dtd">
<html xmlns="http://www.w3.org/1999/xhtml" xml:lang="en" lang="en">
 <head>
  <title>
</title>
<meta http-equiv="Content-Type" content="text/html;charset=utf-8" />
  <meta name='ocr-system' content='tesseract 3.04.00' />
  <meta name='ocr-capabilities' content='ocr_page ocr_carea ocr_par ocr_line ocrx_word'/>
</head>
<body>
  <div class='ocr_page' id='page_1' title='image "./polancicomplemen07pola_0608.png"; bbox 0 0 1891 3292; ppageno 0'>
   <div class='ocr_carea' id='block_1_1' title="bbox 259 180 1295 224">
    <p class='ocr_par' dir='ltr' id='par_1_1' title="bbox 259 180 1295 224">
     <span class='ocr_line' id='line_1_1' title="bbox 259 180 1295 224; baseline -0.003 -11"><span class='ocrx_word' id='word_1_1' title='bbox 259 181 326 224; x_wconf 78' lang='lat'>586</span> <span class='ocrx_word' id='word_1_2' title='bbox 766 180 951 214; x_wconf 81' lang='lat' dir='ltr'>POLANCI</span> <span class='ocrx_word' id='word_1_3' title='bbox 979 186 1295 214; x_wconf 81' lang='lat' dir='ltr'><strong>COMPLEMENTA</strong></span> 
     </span>
    </p>
   </div>
   <div class='ocr_carea' id='block_1_2' title="bbox 211 276 1891 2275">
    <p class='ocr_par' dir='ltr' id='par_1_2' title="bbox 212 276 1834 393">
     <span class='ocr_line' id='line_1_2' title="bbox 300 276 1834 333; baseline -0.002 -12"><span class='ocrx_word' id='word_1_4' title='bbox 300 292 322 321; x_wconf 85' lang='lat'>2</span> <span class='ocrx_word' id='word_1_5' title='bbox 355 279 467 321; x_wconf 88' lang='lat' dir='ltr'>Iunii</span> <span class='ocrx_word' id='word_1_6' title='bbox 496 288 718 322; x_wconf 89' lang='lat' dir='ltr'>venerunt</span> <span class='ocrx_word' id='word_1_7' title='bbox 747 279 801 320; x_wconf 90' lang='lat' dir='ltr'>ad</span> <span class='ocrx_word' id='word_1_8' title='bbox 831 279 1074 333; x_wconf 79' lang='lat' dir='ltr'>collegium</span> <span class='ocrx_word' id='word_1_9' title='bbox 1104 278 1336 321; x_wconf 87' lang='lat' dir='ltr'>Gerardus</span> <span class='ocrx_word' id='word_1_10' title='bbox 1371 276 1652 328; x_wconf 88' lang='lat' dir='ltr'>embriensis,</span> <span class='ocrx_word' id='word_1_11' title='bbox 1685 277 1834 320; x_wconf 88' lang='lat' dir='ltr'>Geor-</span> 
     </span>
     <span class='ocr_line' id='line_1_3' title="bbox 212 338 948 393; baseline 0.001 -15"><span class='ocrx_word' id='word_1_12' title='bbox 212 339 313 393; x_wconf 83' lang='lat' dir='ltr'>gius</span> <span class='ocrx_word' id='word_1_13' title='bbox 337 352 596 390; x_wconf 69' lang='lat' dir='ltr'>germanus,</span> <span class='ocrx_word' id='word_1_14' title='bbox 623 345 667 379; x_wconf 91' lang='lat' dir='ltr'>et</span> <span class='ocrx_word' id='word_1_15' title='bbox 686 338 948 381; x_wconf 84' lang='lat' dir='ltr'>Suetonius.</span> 
     </span>
    </p>

    <p class='ocr_par' dir='ltr' id='par_1_3' title="bbox 211 393 1891 862">
     <span class='ocr_line' id='line_1_4' title="bbox 298 393 1834 450; baseline -0.003 -10"><span class='ocrx_word' id='word_1_16' title='bbox 298 399 365 449; x_wconf 58' lang='lat'>4⁰</span> <span class='ocrx_word' id='word_1_17' title='bbox 387 397 501 439; x_wconf 91' lang='lat' dir='ltr'>Iunii</span> <span class='ocrx_word' id='word_1_18' title='bbox 526 397 601 450; x_wconf 88' lang='lat' dir='ltr'>qui</span> <span class='ocrx_word' id='word_1_19' title='bbox 622 403 716 439; x_wconf 87' lang='lat' dir='ltr'>erat</span> <span class='ocrx_word' id='word_1_20' title='bbox 736 397 898 437; x_wconf 84' lang='lat' dir='ltr'>festum</span> <span class='ocrx_word' id='word_1_21' title='bbox 918 398 973 439; x_wconf 89' lang='lat' dir='ltr'>V.</span> <span class='ocrx_word' id='word_1_22' title='bbox 996 394 1292 444; x_wconf 85' lang='lat' dir='ltr'>Sacramenti,</span> <span class='ocrx_word' id='word_1_23' title='bbox 1314 395 1574 435; x_wconf 83' lang='lat' dir='ltr'>doctoratus</span> <span class='ocrx_word' id='word_1_24' title='bbox 1594 393 1772 434; x_wconf 91' lang='lat' dir='ltr'>titulum</span> <span class='ocrx_word' id='word_1_25' title='bbox 1790 393 1834 435; x_wconf 92' lang='lat' dir='ltr'>in</span> 
     </span>
     <span class='ocr_line' id='line_1_5' title="bbox 211 451 1834 509; baseline -0.002 -13"><span class='ocrx_word' id='word_1_26' title='bbox 211 470 336 497; x_wconf 87' lang='lat' dir='ltr'>sacra</span> <span class='ocrx_word' id='word_1_27' title='bbox 366 456 596 506; x_wconf 66' lang='lat' dir='ltr'>theologia</span> <span class='ocrx_word' id='word_1_28' title='bbox 625 455 824 509; x_wconf 74' lang='lat' dir='ltr'>suscepit</span> <span class='ocrx_word' id='word_1_29' title='bbox 849 457 909 498; x_wconf 90' lang='lat' dir='ltr'>M.</span> <span class='ocrx_word' id='word_1_30' title='bbox 944 455 1236 497; x_wconf 90' lang='lat' dir='ltr'>Harmannus</span> <span class='ocrx_word' id='word_1_31' title='bbox 1265 466 1526 507; x_wconf 83' lang='lat' dir='ltr'>germanus.</span> <span class='ocrx_word' id='word_1_32' title='bbox 1559 453 1607 493; x_wconf 89' lang='lat' dir='ltr'>In</span> <span class='ocrx_word' id='word_1_33' title='bbox 1641 451 1834 506; x_wconf 89' lang='lat' dir='ltr'>philoso-</span> 
     </span>
     <span class='ocr_line' id='line_1_6' title="bbox 211 511 1833 567; baseline -0.001 -13"><span class='ocrx_word' id='word_1_34' title='bbox 211 514 313 567; x_wconf 84' lang='lat' dir='ltr'>phia</span> <span class='ocrx_word' id='word_1_35' title='bbox 340 515 390 556; x_wconf 88' lang='lat' dir='ltr'>R.</span> <span class='ocrx_word' id='word_1_36' title='bbox 422 516 475 555; x_wconf 79' lang='lat' dir='ltr'>P.</span> <span class='ocrx_word' id='word_1_37' title='bbox 511 514 801 563; x_wconf 76' lang='lat' dir='ltr'>Benedictus,</span> <span class='ocrx_word' id='word_1_38' title='bbox 824 515 884 556; x_wconf 91' lang='lat' dir='ltr'>M.</span> <span class='ocrx_word' id='word_1_39' title='bbox 914 514 1117 567; x_wconf 75' lang='lat' dir='ltr'>Baptista</span> <span class='ocrx_word' id='word_1_40' title='bbox 1135 512 1382 561; x_wconf 78' lang='lat' dir='ltr'>brixianus,</span> <span class='ocrx_word' id='word_1_41' title='bbox 1405 513 1470 553; x_wconf 88' lang='lat' dir='ltr'>M.</span> <span class='ocrx_word' id='word_1_42' title='bbox 1498 512 1724 563; x_wconf 82' lang='lat' dir='ltr'>Hurtado‚</span> <span class='ocrx_word' id='word_1_43' title='bbox 1745 511 1833 553; x_wconf 90' lang='lat' dir='ltr'>Ge-</span> 
     </span>
     <span class='ocr_line' id='line_1_7' title="bbox 215 569 1832 625; baseline -0.001 -12"><span class='ocrx_word' id='word_1_44' title='bbox 215 573 371 614; x_wconf 89' lang='lat' dir='ltr'>rardus</span> <span class='ocrx_word' id='word_1_45' title='bbox 402 573 655 625; x_wconf 84' lang='lat' dir='ltr'>wertensis,</span> <span class='ocrx_word' id='word_1_46' title='bbox 691 574 860 615; x_wconf 85' lang='lat' dir='ltr'>Paulus</span> <span class='ocrx_word' id='word_1_47' title='bbox 889 573 1108 615; x_wconf 89' lang='lat' dir='ltr'>Hoffaeus</span> <span class='ocrx_word' id='word_1_48' title='bbox 1137 580 1181 613; x_wconf 92' lang='lat' dir='ltr'>et</span> <span class='ocrx_word' id='word_1_49' title='bbox 1222 570 1495 612; x_wconf 76' lang='lat' dir='ltr'>Benedictus</span> <span class='ocrx_word' id='word_1_50' title='bbox 1532 569 1832 612; x_wconf 89' lang='lat' dir='ltr'>valentianus.</span> 
     </span>
     <span class='ocr_line' id='line_1_8' title="bbox 212 628 1837 684; baseline -0.002 -10"><span class='ocrx_word' id='word_1_51' title='bbox 212 632 369 684; x_wconf 78' lang='lat' dir='ltr'>Usque</span> <span class='ocrx_word' id='word_1_52' title='bbox 407 633 463 672; x_wconf 90' lang='lat' dir='ltr'>ad</span> <span class='ocrx_word' id='word_1_53' title='bbox 501 632 739 673; x_wconf 80' lang='lat' dir='ltr'>lachrimas</span> <span class='ocrx_word' id='word_1_54' title='bbox 776 639 1028 673; x_wconf 87' lang='lat' dir='ltr'>commotus</span> <span class='ocrx_word' id='word_1_55' title='bbox 1060 638 1127 674; x_wconf 87' lang='lat' dir='ltr'>est</span> <span class='ocrx_word' id='word_1_56' title='bbox 1167 638 1257 671; x_wconf 86' lang='lat' dir='ltr'>tam</span> <span class='ocrx_word' id='word_1_57' title='bbox 1292 631 1353 672; x_wconf 91' lang='lat' dir='ltr'>M.</span> <span class='ocrx_word' id='word_1_58' title='bbox 1391 628 1667 670; x_wconf 85' lang='lat' dir='ltr'>Benedictus</span> <span class='ocrx_word' id='word_1_59' title='bbox 1703 631 1837 681; x_wconf 83' lang='lat' dir='ltr'>quarn</span> 
     </span>
     <span class='ocr_line' id='line_1_9' title="bbox 212 689 1836 744; baseline -0.001 -13"><span class='ocrx_word' id='word_1_60' title='bbox 212 691 263 731; x_wconf 86' lang='lat' dir='ltr'>R.</span> <span class='ocrx_word' id='word_1_61' title='bbox 297 692 345 732; x_wconf 80' lang='lat' dir='ltr'>P.</span> <span class='ocrx_word' id='word_1_62' title='bbox 374 690 577 733; x_wconf 88' lang='lat' dir='ltr'>Olaueus</span> <span class='ocrx_word' id='word_1_63' title='bbox 607 705 745 744; x_wconf 85' lang='lat' dir='ltr'>quum</span> <span class='ocrx_word' id='word_1_64' title='bbox 776 691 847 731; x_wconf 87' lang='lat' dir='ltr'>hic</span> <span class='ocrx_word' id='word_1_65' title='bbox 880 691 1129 732; x_wconf 89' lang='lat' dir='ltr'>orationem</span> <span class='ocrx_word' id='word_1_66' title='bbox 1161 689 1348 730; x_wconf 90' lang='lat' dir='ltr'>diceret.</span> <span class='ocrx_word' id='word_1_67' title='bbox 1376 689 1570 729; x_wconf 83' lang='lat' dir='ltr'>Iusserat</span> <span class='ocrx_word' id='word_1_68' title='bbox 1599 695 1747 728; x_wconf 90' lang='lat' dir='ltr'>autem</span> <span class='ocrx_word' id='word_1_69' title='bbox 1781 702 1836 729; x_wconf 92' lang='lat' dir='ltr'>eo</span> 
     </span>
     <span class='ocr_line' id='line_1_10' title="bbox 211 746 1838 803; baseline 0 -14"><span class='ocrx_word' id='word_1_70' title='bbox 211 749 282 791; x_wconf 89' lang='lat' dir='ltr'>die</span> <span class='ocrx_word' id='word_1_71' title='bbox 306 750 356 791; x_wconf 84' lang='lat' dir='ltr'>R.</span> <span class='ocrx_word' id='word_1_72' title='bbox 387 750 438 791; x_wconf 85' lang='grc' dir='ltr'>Ρ.</span> <span class='ocrx_word' id='word_1_73' title='bbox 462 750 681 803; x_wconf 77' lang='lat' dir='ltr'>Ignatius,</span> <span class='ocrx_word' id='word_1_74' title='bbox 708 764 864 792; x_wconf 90' lang='lat' dir='ltr'>omnes</span> <span class='ocrx_word' id='word_1_75' title='bbox 887 749 986 791; x_wconf 89' lang='lat' dir='ltr'>illos</span> <span class='ocrx_word' id='word_1_76' title='bbox 1008 751 1169 790; x_wconf 85' lang='lat' dir='ltr'>fratres</span> <span class='ocrx_word' id='word_1_77' title='bbox 1193 746 1484 802; x_wconf 79' lang='lat' dir='ltr'>processioni,</span> <span class='ocrx_word' id='word_1_78' title='bbox 1511 759 1625 799; x_wconf 90' lang='lat' dir='ltr'>quae</span> <span class='ocrx_word' id='word_1_79' title='bbox 1644 753 1738 786; x_wconf 87' lang='lat' dir='ltr'>turn</span> <span class='ocrx_word' id='word_1_80' title='bbox 1757 746 1838 789; x_wconf 89' lang='lat' dir='ltr'>fie-</span> 
     </span>
     <span class='ocr_line' id='line_1_11' title="bbox 211 804 1891 862; baseline -0.004 -13"><span class='ocrx_word' id='word_1_81' title='bbox 211 808 286 849; x_wconf 88' lang='lat' dir='ltr'>bat</span> <span class='ocrx_word' id='word_1_82' title='bbox 309 808 354 848; x_wconf 83' lang='lat' dir='ltr'>in</span> <span class='ocrx_word' id='word_1_83' title='bbox 378 808 425 850; x_wconf 88' lang='lat' dir='ltr'>S.</span> <span class='ocrx_word' id='word_1_84' title='bbox 455 809 607 859; x_wconf 83' lang='lat' dir='ltr'>Petro,</span> <span class='ocrx_word' id='word_1_85' title='bbox 634 808 869 859; x_wconf 86' lang='lat' dir='ltr'>interesse,</span> <span class='ocrx_word' id='word_1_86' title='bbox 896 808 971 862; x_wconf 88' lang='lat' dir='ltr'>qui</span> <span class='ocrx_word' id='word_1_87' title='bbox 995 806 1325 861; x_wconf 81' lang='lat' dir='ltr'>Ingolstadium</span> <span class='ocrx_word' id='word_1_88' title='bbox 1350 812 1478 846; x_wconf 90' lang='lat' dir='ltr'>erant</span> <span class='ocrx_word' id='word_1_89' title='bbox 1502 804 1625 846; x_wconf 88' lang='lat' dir='ltr'>ituri.</span> <span class='ocrx_word' id='word_1_90' title='bbox 1890 811 1891 821; x_wconf 67' lang='lat'>¹</span> 
     </span>
    </p>

    <p class='ocr_par' dir='ltr' id='par_1_4' title="bbox 211 863 1891 1393">
     <span class='ocr_line' id='line_1_12' title="bbox 302 863 1839 919; baseline -0.003 -11"><span class='ocrx_word' id='word_1_91' title='bbox 302 866 369 919; x_wconf 85' lang='lat'>5.⁰</span> <span class='ocrx_word' id='word_1_92' title='bbox 409 866 544 908; x_wconf 89' lang='lat' dir='ltr'>huius</span> <span class='ocrx_word' id='word_1_93' title='bbox 583 867 833 909; x_wconf 81' lang='lat' dir='ltr'>exosculati</span> <span class='ocrx_word' id='word_1_94' title='bbox 869 874 975 908; x_wconf 89' lang='lat' dir='ltr'>sunt</span> <span class='ocrx_word' id='word_1_95' title='bbox 1009 867 1169 908; x_wconf 86' lang='lat' dir='ltr'>fratres</span> <span class='ocrx_word' id='word_1_96' title='bbox 1197 865 1302 906; x_wconf 88' lang='lat' dir='ltr'>ituri</span> <span class='ocrx_word' id='word_1_97' title='bbox 1339 863 1663 918; x_wconf 80' lang='lat' dir='ltr'>Ingolstadium</span> <span class='ocrx_word' id='word_1_98' title='bbox 1703 863 1839 917; x_wconf 91' lang='lat' dir='ltr'>pedes</span> 
     </span>
     <span class='ocr_line' id='line_1_13' title="bbox 211 922 1891 979; baseline -0.003 -12"><span class='ocrx_word' id='word_1_99' title='bbox 211 925 371 967; x_wconf 90' lang='lat' dir='ltr'>summi</span> <span class='ocrx_word' id='word_1_100' title='bbox 398 926 638 979; x_wconf 82' lang='lat' dir='ltr'>pontificis,</span> <span class='ocrx_word' id='word_1_101' title='bbox 666 926 741 979; x_wconf 84' lang='lat' dir='ltr'>qui</span> <span class='ocrx_word' id='word_1_102' title='bbox 766 925 1090 968; x_wconf 83' lang='lat' dir='ltr'>humanissime</span> <span class='ocrx_word' id='word_1_103' title='bbox 1119 925 1217 965; x_wconf 88' lang='lat' dir='ltr'>illos</span> <span class='ocrx_word' id='word_1_104' title='bbox 1247 923 1495 977; x_wconf 86' lang='lat' dir='ltr'>excipiens,</span> <span class='ocrx_word' id='word_1_105' title='bbox 1521 922 1656 963; x_wconf 87' lang='lat' dir='ltr'>etiam</span> <span class='ocrx_word' id='word_1_106' title='bbox 1685 923 1835 963; x_wconf 92' lang='lat' dir='ltr'>horta·</span> <span class='ocrx_word' id='word_1_107' title='bbox 1890 948 1891 951; x_wconf 62' lang='lat'><em>=</em></span> 
     </span>
     <span class='ocr_line' id='line_1_14' title="bbox 211 981 1840 1032; baseline -0.002 -7"><span class='ocrx_word' id='word_1_108' title='bbox 211 985 343 1026; x_wconf 89' lang='lat' dir='ltr'>batur</span> <span class='ocrx_word' id='word_1_109' title='bbox 366 992 412 1025; x_wconf 86' lang='lat' dir='ltr'>vt</span> <span class='ocrx_word' id='word_1_110' title='bbox 437 986 582 1026; x_wconf 89' lang='lat' dir='ltr'>Deum</span> <span class='ocrx_word' id='word_1_111' title='bbox 607 985 798 1027; x_wconf 88' lang='lat' dir='ltr'>fideliter</span> <span class='ocrx_word' id='word_1_112' title='bbox 822 999 972 1027; x_wconf 88' lang='lat' dir='ltr'>coram</span> <span class='ocrx_word' id='word_1_113' title='bbox 995 984 1203 1025; x_wconf 84' lang='lat' dir='ltr'>hostibus</span> <span class='ocrx_word' id='word_1_114' title='bbox 1226 982 1571 1032; x_wconf 88' lang='lat' dir='ltr'>confiterentur,</span> <span class='ocrx_word' id='word_1_115' title='bbox 1603 988 1650 1021; x_wconf 90' lang='lat' dir='ltr'>vt</span> <span class='ocrx_word' id='word_1_116' title='bbox 1674 981 1840 1022; x_wconf 90' lang='lat' dir='ltr'>multos</span> 
     </span>
     <span class='ocr_line' id='line_1_15' title="bbox 211 1039 1841 1098; baseline -0.003 -14"><span class='ocrx_word' id='word_1_117' title='bbox 211 1043 467 1097; x_wconf 80' lang='lat' dir='ltr'>manipulos</span> <span class='ocrx_word' id='word_1_118' title='bbox 491 1045 656 1085; x_wconf 89' lang='lat' dir='ltr'>referre</span> <span class='ocrx_word' id='word_1_119' title='bbox 679 1052 863 1098; x_wconf 89' lang='lat' dir='ltr'>possent</span> <span class='ocrx_word' id='word_1_120' title='bbox 886 1044 931 1084; x_wconf 90' lang='lat' dir='ltr'>in</span> <span class='ocrx_word' id='word_1_121' title='bbox 950 1046 1160 1084; x_wconf 85' lang='lat' dir='ltr'>horreum</span> <span class='ocrx_word' id='word_1_122' title='bbox 1179 1041 1380 1092; x_wconf 85' lang='lat' dir='ltr'>Domini,</span> <span class='ocrx_word' id='word_1_123' title='bbox 1400 1041 1572 1081; x_wconf 89' lang='lat' dir='ltr'>addens</span> <span class='ocrx_word' id='word_1_124' title='bbox 1595 1039 1773 1081; x_wconf 87' lang='lat' dir='ltr'>interim</span> <span class='ocrx_word' id='word_1_125' title='bbox 1797 1046 1841 1081; x_wconf 91' lang='lat' dir='ltr'>et</span> 
     </span>
     <span class='ocr_line' id='line_1_16' title="bbox 212 1097 1841 1157; baseline -0.002 -14"><span class='ocrx_word' id='word_1_126' title='bbox 212 1110 416 1156; x_wconf 88' lang='lat' dir='ltr'>paratum</span> <span class='ocrx_word' id='word_1_127' title='bbox 445 1117 493 1145; x_wconf 89' lang='lat' dir='ltr'>se</span> <span class='ocrx_word' id='word_1_128' title='bbox 521 1117 620 1145; x_wconf 86' lang='lat' dir='ltr'>esse</span> <span class='ocrx_word' id='word_1_129' title='bbox 653 1103 708 1144; x_wconf 89' lang='lat' dir='ltr'>ad</span> <span class='ocrx_word' id='word_1_130' title='bbox 742 1103 1050 1157; x_wconf 87' lang='lat' dir='ltr'>praebendum</span> <span class='ocrx_word' id='word_1_131' title='bbox 1080 1101 1311 1151; x_wconf 86' lang='lat' dir='ltr'>viaticum,</span> <span class='ocrx_word' id='word_1_132' title='bbox 1348 1099 1433 1140; x_wconf 87' lang='lat' dir='ltr'>nisi</span> <span class='ocrx_word' id='word_1_133' title='bbox 1466 1099 1508 1140; x_wconf 87' lang='lat' dir='ltr'>id</span> <span class='ocrx_word' id='word_1_134' title='bbox 1544 1097 1841 1152; x_wconf 85' lang='lat' dir='ltr'>praestitisset</span> 
     </span>
     <span class='ocr_line' id='line_1_17' title="bbox 211 1156 1840 1204; baseline -0.003 -2"><span class='ocrx_word' id='word_1_135' title='bbox 211 1161 302 1202; x_wconf 86' lang='lat' dir='ltr'>dux</span> <span class='ocrx_word' id='word_1_136' title='bbox 326 1161 560 1204; x_wconf 83' lang='lat' dir='ltr'>Bauariae.</span> <span class='ocrx_word' id='word_1_137' title='bbox 589 1161 842 1203; x_wconf 90' lang='lat' dir='ltr'>Visitarunt</span> <span class='ocrx_word' id='word_1_138' title='bbox 866 1161 1007 1203; x_wconf 86' lang='lat' dir='ltr'>nostri</span> <span class='ocrx_word' id='word_1_139' title='bbox 1030 1161 1188 1202; x_wconf 91' lang='lat' dir='ltr'>eodem</span> <span class='ocrx_word' id='word_1_140' title='bbox 1213 1159 1286 1201; x_wconf 84' lang='lat' dir='ltr'>die</span> <span class='ocrx_word' id='word_1_141' title='bbox 1316 1156 1716 1200; x_wconf 86' lang='lat' dir='ltr'>reverendissimos</span> <span class='ocrx_word' id='word_1_142' title='bbox 1745 1171 1840 1198; x_wconf 87' lang='lat' dir='ltr'>car-</span> 
     </span>
     <span class='ocr_line' id='line_1_18' title="bbox 211 1216 1842 1275; baseline -0.003 -13"><span class='ocrx_word' id='word_1_143' title='bbox 211 1220 383 1262; x_wconf 89' lang='lat' dir='ltr'>dinales</span> <span class='ocrx_word' id='word_1_144' title='bbox 408 1221 582 1271; x_wconf 89' lang='lat' dir='ltr'>Moron,</span> <span class='ocrx_word' id='word_1_145' title='bbox 610 1221 745 1275; x_wconf 87' lang='lat' dir='ltr'>Carpi</span> <span class='ocrx_word' id='word_1_146' title='bbox 769 1230 811 1263; x_wconf 88' lang='lat' dir='ltr'>et</span> <span class='ocrx_word' id='word_1_147' title='bbox 837 1223 904 1263; x_wconf 90' lang='lat' dir='ltr'>De</span> <span class='ocrx_word' id='word_1_148' title='bbox 927 1221 968 1261; x_wconf 90' lang='lat' dir='ltr'>la</span> <span class='ocrx_word' id='word_1_149' title='bbox 992 1221 1163 1269; x_wconf 87' lang='lat' dir='ltr'>Cueva‚</span> <span class='ocrx_word' id='word_1_150' title='bbox 1190 1218 1267 1272; x_wconf 85' lang='lat' dir='ltr'>qui</span> <span class='ocrx_word' id='word_1_151' title='bbox 1290 1217 1611 1259; x_wconf 89' lang='lat' dir='ltr'>humanissime</span> <span class='ocrx_word' id='word_1_152' title='bbox 1634 1216 1733 1257; x_wconf 87' lang='lat' dir='ltr'>illos</span> <span class='ocrx_word' id='word_1_153' title='bbox 1766 1230 1842 1258; x_wconf 86' lang='lat' dir='ltr'>ex-</span> 
     </span>
     <span class='ocr_line' id='line_1_19' title="bbox 213 1274 1840 1334; baseline -0.003 -14"><span class='ocrx_word' id='word_1_154' title='bbox 213 1287 446 1333; x_wconf 87' lang='lat' dir='ltr'>ceperunt,</span> <span class='ocrx_word' id='word_1_155' title='bbox 474 1279 664 1322; x_wconf 86' lang='lat' dir='ltr'>maxime</span> <span class='ocrx_word' id='word_1_156' title='bbox 688 1294 795 1321; x_wconf 86' lang='lat' dir='ltr'>vero</span> <span class='ocrx_word' id='word_1_157' title='bbox 818 1286 1089 1334; x_wconf 83' lang='lat' dir='ltr'>postremus,</span> <span class='ocrx_word' id='word_1_158' title='bbox 1117 1277 1192 1332; x_wconf 85' lang='lat' dir='ltr'>qui</span> <span class='ocrx_word' id='word_1_159' title='bbox 1217 1291 1303 1318; x_wconf 87' lang='lat' dir='ltr'>non</span> <span class='ocrx_word' id='word_1_160' title='bbox 1324 1276 1509 1328; x_wconf 89' lang='lat' dir='ltr'>destitit,</span> <span class='ocrx_word' id='word_1_161' title='bbox 1538 1277 1683 1317; x_wconf 89' lang='lat' dir='ltr'>donec</span> <span class='ocrx_word' id='word_1_162' title='bbox 1707 1274 1840 1317; x_wconf 89' lang='lat' dir='ltr'>etiam</span> 
     </span>
     <span class='ocr_line' id='line_1_20' title="bbox 213 1334 1780 1393; baseline -0.003 -15"><span class='ocrx_word' id='word_1_163' title='bbox 213 1338 469 1380; x_wconf 85' lang='lat' dir='ltr'>merendam</span> <span class='ocrx_word' id='word_1_164' title='bbox 493 1339 612 1393; x_wconf 84' lang='lat' dir='ltr'>apud</span> <span class='ocrx_word' id='word_1_165' title='bbox 637 1338 781 1393; x_wconf 90' lang='lat' dir='ltr'>ipsum</span> <span class='ocrx_word' id='word_1_166' title='bbox 806 1346 1053 1387; x_wconf 91' lang='lat' dir='ltr'>sumerent,</span> <span class='ocrx_word' id='word_1_167' title='bbox 1080 1337 1200 1391; x_wconf 87' lang='lat' dir='ltr'>quod</span> <span class='ocrx_word' id='word_1_168' title='bbox 1227 1350 1303 1390; x_wconf 91' lang='lat' dir='ltr'>pro</span> <span class='ocrx_word' id='word_1_169' title='bbox 1326 1334 1547 1377; x_wconf 89' lang='lat' dir='ltr'>beneficio</span> <span class='ocrx_word' id='word_1_170' title='bbox 1570 1334 1780 1375; x_wconf 89' lang='lat' dir='ltr'>ducebat.</span> 
     </span>
    </p>

    <p class='ocr_par' dir='ltr' id='par_1_5' title="bbox 214 1393 1839 1508">
     <span class='ocr_line' id='line_1_21' title="bbox 303 1393 1839 1452; baseline -0.002 -15"><span class='ocrx_word' id='word_1_171' title='bbox 303 1397 326 1437; x_wconf 81' lang='lat'>8</span> <span class='ocrx_word' id='word_1_172' title='bbox 351 1396 485 1441; x_wconf 88' lang='lat' dir='ltr'>huius</span> <span class='ocrx_word' id='word_1_173' title='bbox 508 1399 755 1438; x_wconf 89' lang='lat' dir='ltr'>solemnem</span> <span class='ocrx_word' id='word_1_174' title='bbox 782 1397 1108 1452; x_wconf 87' lang='lat' dir='ltr'>professionem</span> <span class='ocrx_word' id='word_1_175' title='bbox 1132 1394 1376 1439; x_wconf 83' lang='lat' dir='ltr'>Societatis</span> <span class='ocrx_word' id='word_1_176' title='bbox 1408 1393 1513 1435; x_wconf 90' lang='lat' dir='ltr'>fecit</span> <span class='ocrx_word' id='word_1_177' title='bbox 1544 1395 1597 1435; x_wconf 84' lang='lat' dir='ltr'>R.</span> <span class='ocrx_word' id='word_1_178' title='bbox 1635 1394 1682 1434; x_wconf 74' lang='lat' dir='ltr'>P.</span> <span class='ocrx_word' id='word_1_179' title='bbox 1715 1393 1839 1435; x_wconf 87' lang='lat' dir='ltr'>Ioan-</span> 
     </span>
     <span class='ocr_line' id='line_1_22' title="bbox 214 1456 1243 1508; baseline 0 -11"><span class='ocrx_word' id='word_1_180' title='bbox 214 1470 293 1497; x_wconf 85' lang='lat' dir='ltr'>nes</span> <span class='ocrx_word' id='word_1_181' title='bbox 316 1456 529 1497; x_wconf 89' lang='lat' dir='ltr'>Cuuillon</span> <span class='ocrx_word' id='word_1_182' title='bbox 553 1457 597 1497; x_wconf 92' lang='lat' dir='ltr'>in</span> <span class='ocrx_word' id='word_1_183' title='bbox 622 1457 830 1498; x_wconf 92' lang='lat' dir='ltr'>manibus</span> <span class='ocrx_word' id='word_1_184' title='bbox 856 1458 906 1498; x_wconf 81' lang='lat' dir='ltr'>R.</span> <span class='ocrx_word' id='word_1_185' title='bbox 938 1458 987 1497; x_wconf 82' lang='lat' dir='ltr'>P.</span> <span class='ocrx_word' id='word_1_186' title='bbox 1015 1457 1243 1508; x_wconf 80' lang='lat' dir='ltr'>LayeneZ.</span> 
     </span>
    </p>

    <p class='ocr_par' dir='ltr' id='par_1_6' title="bbox 215 1510 1844 1970">
     <span class='ocr_line' id='line_1_23' title="bbox 301 1510 1843 1570; baseline -0.003 -15"><span class='ocrx_word' id='word_1_187' title='bbox 301 1529 328 1569; x_wconf 78' lang='lat' dir='ltr'>o</span> <span class='ocrx_word' id='word_1_188' title='bbox 346 1514 482 1556; x_wconf 89' lang='lat' dir='ltr'>huius</span> <span class='ocrx_word' id='word_1_189' title='bbox 501 1515 681 1558; x_wconf 89' lang='lat' dir='ltr'>iuerunt</span> <span class='ocrx_word' id='word_1_190' title='bbox 699 1515 1026 1570; x_wconf 80' lang='lat' dir='ltr'>Ingolstadium</span> <span class='ocrx_word' id='word_1_191' title='bbox 1048 1516 1100 1556; x_wconf 85' lang='lat' dir='ltr'>R.</span> <span class='ocrx_word' id='word_1_192' title='bbox 1125 1514 1174 1554; x_wconf 82' lang='lat' dir='ltr'>P.</span> <span class='ocrx_word' id='word_1_193' title='bbox 1197 1514 1387 1554; x_wconf 89' lang='lat' dir='ltr'>Ioannes</span> <span class='ocrx_word' id='word_1_194' title='bbox 1401 1511 1630 1561; x_wconf 88' lang='lat' dir='ltr'>Cuuillon,</span> <span class='ocrx_word' id='word_1_195' title='bbox 1650 1512 1711 1552; x_wconf 87' lang='grc' dir='ltr'>Μ.</span> <span class='ocrx_word' id='word_1_196' title='bbox 1725 1510 1843 1551; x_wconf 91' lang='lat' dir='ltr'>Tho-</span> 
     </span>
     <span class='ocr_line' id='line_1_24' title="bbox 216 1570 1843 1628; baseline -0.003 -15"><span class='ocrx_word' id='word_1_197' title='bbox 216 1587 308 1614; x_wconf 87' lang='lat' dir='ltr'>mas</span> <span class='ocrx_word' id='word_1_198' title='bbox 339 1575 672 1628; x_wconf 79' lang='lat' dir='ltr'>neomagensis,</span> <span class='ocrx_word' id='word_1_199' title='bbox 706 1577 767 1617; x_wconf 90' lang='lat' dir='ltr'>M.</span> <span class='ocrx_word' id='word_1_200' title='bbox 800 1575 1066 1616; x_wconf 89' lang='lat' dir='ltr'>Theodorus</span> <span class='ocrx_word' id='word_1_201' title='bbox 1096 1570 1499 1621; x_wconf 72' lang='lat' dir='ltr'>buschoducensis,</span> <span class='ocrx_word' id='word_1_202' title='bbox 1526 1572 1586 1613; x_wconf 90' lang='lat' dir='ltr'>M.</span> <span class='ocrx_word' id='word_1_203' title='bbox 1621 1570 1843 1611; x_wconf 35' lang='lat' dir='ltr'>Harman*</span> 
     </span>
     <span class='ocr_line' id='line_1_25' title="bbox 215 1628 1844 1685; baseline -0.001 -13"><span class='ocrx_word' id='word_1_204' title='bbox 215 1646 300 1672; x_wconf 89' lang='lat' dir='ltr'>nus</span> <span class='ocrx_word' id='word_1_205' title='bbox 330 1633 614 1683; x_wconf 82' lang='lat' dir='ltr'>nouisiensis,</span> <span class='ocrx_word' id='word_1_206' title='bbox 650 1635 710 1676; x_wconf 90' lang='lat' dir='ltr'>M.</span> <span class='ocrx_word' id='word_1_207' title='bbox 743 1634 952 1675; x_wconf 90' lang='lat' dir='ltr'>Hurtado</span> <span class='ocrx_word' id='word_1_208' title='bbox 986 1634 1142 1685; x_wconf 78' lang='lat' dir='ltr'>Perez,</span> <span class='ocrx_word' id='word_1_209' title='bbox 1172 1631 1365 1672; x_wconf 90' lang='lat' dir='ltr'>Iodocus</span> <span class='ocrx_word' id='word_1_210' title='bbox 1393 1629 1623 1683; x_wconf 86' lang='lat' dir='ltr'>spirensis,</span> <span class='ocrx_word' id='word_1_211' title='bbox 1655 1628 1844 1670; x_wconf 85' lang='lat' dir='ltr'>Ioannes</span> 
     </span>
     <span class='ocr_line' id='line_1_26' title="bbox 215 1687 1844 1746; baseline -0.004 -14"><span class='ocrx_word' id='word_1_212' title='bbox 215 1705 296 1732; x_wconf 91' lang='lat' dir='ltr'>nes</span> <span class='ocrx_word' id='word_1_213' title='bbox 313 1691 523 1743; x_wconf 83' lang='lat' dir='ltr'>Zimmer,</span> <span class='ocrx_word' id='word_1_214' title='bbox 548 1693 806 1746; x_wconf 86' lang='lat' dir='ltr'>Stephanus</span> <span class='ocrx_word' id='word_1_215' title='bbox 825 1691 1046 1745; x_wconf 87' lang='lat' dir='ltr'>Liberius,</span> <span class='ocrx_word' id='word_1_216' title='bbox 1069 1693 1130 1733; x_wconf 91' lang='lat' dir='ltr'>M.</span> <span class='ocrx_word' id='word_1_217' title='bbox 1152 1690 1385 1733; x_wconf 88' lang='lat' dir='ltr'>Gerardus</span> <span class='ocrx_word' id='word_1_218' title='bbox 1404 1687 1653 1738; x_wconf 84' lang='lat' dir='ltr'>wertensis,</span> <span class='ocrx_word' id='word_1_219' title='bbox 1678 1687 1844 1728; x_wconf 79' lang='lat' dir='ltr'>Paulus</span> 
     </span>
     <span class='ocr_line' id='line_1_27' title="bbox 216 1745 1843 1805; baseline -0.004 -13"><span class='ocrx_word' id='word_1_220' title='bbox 216 1763 476 1804; x_wconf 78' lang='lat' dir='ltr'>germanuS,</span> <span class='ocrx_word' id='word_1_221' title='bbox 512 1752 773 1805; x_wconf 88' lang='lat' dir='ltr'>Dyonisius,</span> <span class='ocrx_word' id='word_1_222' title='bbox 814 1750 1060 1805; x_wconf 81' lang='lat' dir='ltr'>Georgius,</span> <span class='ocrx_word' id='word_1_223' title='bbox 1096 1751 1258 1791; x_wconf 86' lang='lat' dir='ltr'>Petrus</span> <span class='ocrx_word' id='word_1_224' title='bbox 1297 1747 1556 1790; x_wconf 86' lang='lat' dir='ltr'>iuliacensis</span> <span class='ocrx_word' id='word_1_225' title='bbox 1589 1754 1633 1788; x_wconf 91' lang='lat' dir='ltr'>et</span> <span class='ocrx_word' id='word_1_226' title='bbox 1662 1745 1843 1800; x_wconf 87' lang='lat' dir='ltr'>quidam</span> 
     </span>
     <span class='ocr_line' id='line_1_28' title="bbox 215 1804 1843 1864; baseline -0.002 -15"><span class='ocrx_word' id='word_1_227' title='bbox 215 1809 379 1862; x_wconf 82' lang='lat' dir='ltr'>gallus,</span> <span class='ocrx_word' id='word_1_228' title='bbox 405 1817 487 1861; x_wconf 65' lang='lat'>4⁰1</span> <span class='ocrx_word' id='word_1_229' title='bbox 507 1810 618 1851; x_wconf 90' lang='lat' dir='ltr'>alios</span> <span class='ocrx_word' id='word_1_230' title='bbox 641 1810 869 1864; x_wconf 87' lang='lat' dir='ltr'>accepturi</span> <span class='ocrx_word' id='word_1_231' title='bbox 892 1824 948 1851; x_wconf 86' lang='lat' dir='ltr'>ex</span> <span class='ocrx_word' id='word_1_232' title='bbox 971 1810 1155 1859; x_wconf 81' lang='lat' dir='ltr'>LoretO,</span> <span class='ocrx_word' id='word_1_233' title='bbox 1181 1808 1242 1849; x_wconf 86' lang='lat' dir='ltr'>ita</span> <span class='ocrx_word' id='word_1_234' title='bbox 1264 1815 1311 1848; x_wconf 91' lang='lat' dir='ltr'>vt</span> <span class='ocrx_word' id='word_1_235' title='bbox 1334 1807 1379 1847; x_wconf 92' lang='lat' dir='ltr'>in</span> <span class='ocrx_word' id='word_1_236' title='bbox 1402 1806 1663 1847; x_wconf 85' lang='lat' dir='ltr'>Vniuersum</span> <span class='ocrx_word' id='word_1_237' title='bbox 1694 1804 1742 1846; x_wconf 84' lang='lat'>18</span> <span class='ocrx_word' id='word_1_238' title='bbox 1772 1817 1843 1845; x_wconf 85' lang='lat' dir='ltr'>es-</span> 
     </span>
     <span class='ocr_line' id='line_1_29' title="bbox 215 1862 1843 1923; baseline -0.003 -15"><span class='ocrx_word' id='word_1_239' title='bbox 215 1875 315 1909; x_wconf 90' lang='lat' dir='ltr'>sent</span> <span class='ocrx_word' id='word_1_240' title='bbox 339 1868 498 1910; x_wconf 86' lang='lat' dir='ltr'>futuri.</span> <span class='ocrx_word' id='word_1_241' title='bbox 532 1870 717 1911; x_wconf 86' lang='lat' dir='ltr'>luerunt</span> <span class='ocrx_word' id='word_1_242' title='bbox 739 1884 827 1910; x_wconf 86' lang='lat' dir='ltr'>vna</span> <span class='ocrx_word' id='word_1_243' title='bbox 856 1883 958 1910; x_wconf 86' lang='lat' dir='ltr'>curn</span> <span class='ocrx_word' id='word_1_244' title='bbox 983 1868 1092 1923; x_wconf 90' lang='lat' dir='ltr'>ipsis</span> <span class='ocrx_word' id='word_1_245' title='bbox 1115 1868 1329 1910; x_wconf 89' lang='lat' dir='ltr'>Loretum</span> <span class='ocrx_word' id='word_1_246' title='bbox 1357 1867 1520 1907; x_wconf 87' lang='lat' dir='ltr'>Petrus</span> <span class='ocrx_word' id='word_1_247' title='bbox 1548 1865 1603 1906; x_wconf 93' lang='lat' dir='ltr'>de</span> <span class='ocrx_word' id='word_1_248' title='bbox 1637 1862 1843 1906; x_wconf 87' lang='lat' dir='ltr'>Martinis</span> 
     </span>
     <span class='ocr_line' id='line_1_30' title="bbox 215 1927 721 1970; baseline 0.004 -2"><span class='ocrx_word' id='word_1_249' title='bbox 215 1934 259 1968; x_wconf 92' lang='lat' dir='ltr'>et</span> <span class='ocrx_word' id='word_1_250' title='bbox 285 1935 374 1968; x_wconf 87' lang='lat' dir='ltr'>tres</span> <span class='ocrx_word' id='word_1_251' title='bbox 398 1927 470 1969; x_wconf 88' lang='lat' dir='ltr'>alii</span> <span class='ocrx_word' id='word_1_252' title='bbox 495 1929 721 1970; x_wconf 69' lang='lat' dir='ltr'>ex⁴domo.</span> 
     </span>
    </p>

    <p class='ocr_par' dir='ltr' id='par_1_7' title="bbox 311 1980 1838 2039">
     <span class='ocr_line' id='line_1_31' title="bbox 311 1980 1838 2039; baseline -0.003 -13"><span class='ocrx_word' id='word_1_253' title='bbox 311 1995 358 2038; x_wconf 85' lang='lat'>15</span> <span class='ocrx_word' id='word_1_254' title='bbox 384 1985 498 2027; x_wconf 88' lang='lat' dir='ltr'>Iunii</span> <span class='ocrx_word' id='word_1_255' title='bbox 522 1987 739 2029; x_wconf 84' lang='lat' dir='ltr'>foeliciter</span> <span class='ocrx_word' id='word_1_256' title='bbox 764 1987 818 2028; x_wconf 90' lang='lat' dir='ltr'>ad</span> <span class='ocrx_word' id='word_1_257' title='bbox 840 1986 989 2027; x_wconf 90' lang='lat' dir='ltr'>coelos</span> <span class='ocrx_word' id='word_1_258' title='bbox 1007 1984 1220 2039; x_wconf 81' lang='lat' dir='ltr'>migrauit</span> <span class='ocrx_word' id='word_1_259' title='bbox 1240 1985 1353 2026; x_wconf 64' lang='grc' dir='ltr'>ΚΡ.</span> <span class='ocrx_word' id='word_1_260' title='bbox 1375 1983 1465 2024; x_wconf 91' lang='lat' dir='ltr'>don</span> <span class='ocrx_word' id='word_1_261' title='bbox 1486 1982 1650 2037; x_wconf 79' lang='lat' dir='ltr'>Diego,</span> <span class='ocrx_word' id='word_1_262' title='bbox 1672 1980 1838 2023; x_wconf 91' lang='lat' dir='ltr'>senior.</span> 
     </span>
    </p>

    <p class='ocr_par' dir='ltr' id='par_1_8' title="bbox 217 2039 1891 2145">
     <span class='ocr_line' id='line_1_32' title="bbox 305 2039 1891 2088; baseline -0.003 -3"><span class='ocrx_word' id='word_1_263' title='bbox 305 2055 356 2086; x_wconf 88' lang='lat'>21</span> <span class='ocrx_word' id='word_1_264' title='bbox 390 2045 525 2086; x_wconf 90' lang='lat' dir='ltr'>huius</span> <span class='ocrx_word' id='word_1_265' title='bbox 553 2046 786 2088; x_wconf 88' lang='lat' dir='ltr'>ordinatus</span> <span class='ocrx_word' id='word_1_266' title='bbox 814 2053 882 2087; x_wconf 89' lang='lat' dir='ltr'>est</span> <span class='ocrx_word' id='word_1_267' title='bbox 912 2044 1222 2086; x_wconf 88' lang='lat' dir='ltr'>subdiaconus</span> <span class='ocrx_word' id='word_1_268' title='bbox 1252 2042 1570 2084; x_wconf 86' lang='lat' dir='ltr'>dilectissimus</span> <span class='ocrx_word' id='word_1_269' title='bbox 1601 2041 1734 2082; x_wconf 85' lang='lat' dir='ltr'>frater</span> <span class='ocrx_word' id='word_1_270' title='bbox 1766 2054 1840 2081; x_wconf 91' lang='lat' dir='ltr'>no·</span> <span class='ocrx_word' id='word_1_271' title='bbox 1890 2039 1891 2073; x_wconf 60' lang='grc' dir='ltr'>ἶ</span> 
     </span>
     <span class='ocr_line' id='line_1_33' title="bbox 217 2103 1436 2145; baseline -0.001 -1"><span class='ocrx_word' id='word_1_272' title='bbox 217 2109 307 2144; x_wconf 89' lang='lat' dir='ltr'>ster</span> <span class='ocrx_word' id='word_1_273' title='bbox 324 2103 480 2145; x_wconf 90' lang='lat' dir='ltr'>Iulius.</span> <span class='ocrx_word' id='word_1_274' title='bbox 1432 2128 1436 2133; x_wconf 90' lang='lat'>·</span> 
     </span>
    </p>

    <p class='ocr_par' dir='ltr' id='par_1_9' title="bbox 216 2155 1842 2275">
     <span class='ocr_line' id='line_1_34' title="bbox 305 2155 1842 2216; baseline -0.005 -12"><span class='ocrx_word' id='word_1_275' title='bbox 305 2161 436 2204; x_wconf 89' lang='lat' dir='ltr'>Circa</span> <span class='ocrx_word' id='word_1_276' title='bbox 460 2174 516 2215; x_wconf 82' lang='lat'>24</span> <span class='ocrx_word' id='word_1_277' title='bbox 540 2162 677 2204; x_wconf 92' lang='lat' dir='ltr'>huius</span> <span class='ocrx_word' id='word_1_278' title='bbox 701 2162 775 2216; x_wconf 82' lang='lat' dir='ltr'>qui</span> <span class='ocrx_word' id='word_1_279' title='bbox 805 2169 899 2204; x_wconf 89' lang='lat' dir='ltr'>erat</span> <span class='ocrx_word' id='word_1_280' title='bbox 928 2163 1092 2204; x_wconf 92' lang='lat' dir='ltr'>festum</span> <span class='ocrx_word' id='word_1_281' title='bbox 1117 2161 1164 2204; x_wconf 89' lang='lat' dir='ltr'>S.</span> <span class='ocrx_word' id='word_1_282' title='bbox 1193 2159 1371 2202; x_wconf 89' lang='lat' dir='ltr'>Ioannis</span> <span class='ocrx_word' id='word_1_283' title='bbox 1396 2158 1644 2214; x_wconf 88' lang='lat' dir='ltr'>Baptistae,</span> <span class='ocrx_word' id='word_1_284' title='bbox 1680 2163 1775 2199; x_wconf 88' lang='lat' dir='ltr'>erat</span> <span class='ocrx_word' id='word_1_285' title='bbox 1798 2155 1842 2196; x_wconf 90' lang='lat' dir='ltr'>in</span> 
     </span>
     <span class='ocr_line' id='line_1_35' title="bbox 216 2215 1841 2275; baseline -0.002 -15"><span class='ocrx_word' id='word_1_286' title='bbox 216 2219 348 2262; x_wconf 89' lang='lat' dir='ltr'>domo</span> <span class='ocrx_word' id='word_1_287' title='bbox 372 2235 490 2263; x_wconf 89' lang='lat' dir='ltr'>noua</span> <span class='ocrx_word' id='word_1_288' title='bbox 514 2235 616 2263; x_wconf 85' lang='lat' dir='ltr'>curn</span> <span class='ocrx_word' id='word_1_289' title='bbox 637 2221 863 2275; x_wconf 85' lang='lat' dir='ltr'>aliquibus</span> <span class='ocrx_word' id='word_1_290' title='bbox 885 2221 983 2263; x_wconf 90' lang='lat' dir='ltr'>aliis</span> <span class='ocrx_word' id='word_1_291' title='bbox 1006 2222 1059 2262; x_wconf 81' lang='lat' dir='ltr'>R.</span> <span class='ocrx_word' id='word_1_292' title='bbox 1090 2222 1140 2262; x_wconf 88' lang='grc' dir='ltr'>Ρ.</span> <span class='ocrx_word' id='word_1_293' title='bbox 1167 2227 1319 2262; x_wconf 90' lang='lat' dir='ltr'>noster</span> <span class='ocrx_word' id='word_1_294' title='bbox 1343 2217 1562 2271; x_wconf 83' lang='lat' dir='ltr'>Ignatius,</span> <span class='ocrx_word' id='word_1_295' title='bbox 1589 2225 1632 2258; x_wconf 90' lang='lat' dir='ltr'>et</span> <span class='ocrx_word' id='word_1_296' title='bbox 1662 2216 1759 2270; x_wconf 91' lang='lat' dir='ltr'>ipso</span> <span class='ocrx_word' id='word_1_297' title='bbox 1784 2215 1841 2256; x_wconf 90' lang='lat' dir='ltr'>fe-</span> 
     </span>
    </p>
   </div>
   <div class='ocr_carea' id='block_1_3' title="bbox 215 2379 1843 3042">
    <p class='ocr_par' dir='ltr' id='par_1_10' title="bbox 215 2379 1843 2607">
     <span class='ocr_line' id='line_1_36' title="bbox 215 2379 1843 2429; baseline -0.002 -11"><span class='ocrx_word' id='word_1_298' title='bbox 215 2395 324 2418; x_wconf 90' lang='lat' dir='ltr'>come</span> <span class='ocrx_word' id='word_1_299' title='bbox 343 2384 383 2418; x_wconf 82' lang='lat' dir='ltr'>fu</span> <span class='ocrx_word' id='word_1_300' title='bbox 402 2396 422 2418; x_wconf 84' lang='lat' dir='ltr'>a</span> <span class='ocrx_word' id='word_1_301' title='bbox 442 2385 602 2428; x_wconf 89' lang='lat' dir='ltr'>Marino,</span> <span class='ocrx_word' id='word_1_302' title='bbox 621 2395 715 2429; x_wconf 90' lang='lat' dir='ltr'>poco</span> <span class='ocrx_word' id='word_1_303' title='bbox 729 2384 899 2418; x_wconf 89' lang='lat' dir='ltr'>discosto</span> <span class='ocrx_word' id='word_1_304' title='bbox 918 2383 955 2418; x_wconf 94' lang='lat' dir='ltr'>di</span> <span class='ocrx_word' id='word_1_305' title='bbox 975 2384 1108 2426; x_wconf 82' lang='lat' dir='ltr'>Roma,</span> <span class='ocrx_word' id='word_1_306' title='bbox 1130 2394 1149 2418; x_wconf 88' lang='lat' dir='ltr'>a</span> <span class='ocrx_word' id='word_1_307' title='bbox 1166 2394 1296 2418; x_wconf 84' lang='lat' dir='ltr'>mezza</span> <span class='ocrx_word' id='word_1_308' title='bbox 1311 2388 1418 2417; x_wconf 89' lang='lat' dir='ltr'>notte</span> <span class='ocrx_word' id='word_1_309' title='bbox 1432 2382 1554 2428; x_wconf 88' lang='lat' dir='ltr'>quasi,</span> <span class='ocrx_word' id='word_1_310' title='bbox 1572 2379 1685 2424; x_wconf 77' lang='lat' dir='ltr'>passo</span> <span class='ocrx_word' id='word_1_311' title='bbox 1700 2380 1737 2414; x_wconf 92' lang='lat' dir='ltr'>di</span> <span class='ocrx_word' id='word_1_312' title='bbox 1752 2391 1843 2425; x_wconf 86' lang='lat' dir='ltr'>que-</span> 
     </span>
     <span class='ocr_line' id='line_1_37' title="bbox 216 2427 1841 2476; baseline -0.002 -11"><span class='ocrx_word' id='word_1_313' title='bbox 216 2437 273 2465; x_wconf 89' lang='lat' dir='ltr'>sta</span> <span class='ocrx_word' id='word_1_314' title='bbox 294 2432 387 2473; x_wconf 80' lang='lat' dir='ltr'>vita3</span> <span class='ocrx_word' id='word_1_315' title='bbox 408 2438 446 2466; x_wconf 90' lang='lat' dir='ltr'>et</span> <span class='ocrx_word' id='word_1_316' title='bbox 466 2434 501 2466; x_wconf 93' lang='lat' dir='ltr'>lo</span> <span class='ocrx_word' id='word_1_317' title='bbox 520 2431 630 2466; x_wconf 83' lang='lat' dir='ltr'>trouo</span> <span class='ocrx_word' id='word_1_318' title='bbox 657 2433 690 2466; x_wconf 88' lang='lat' dir='ltr'>la</span> <span class='ocrx_word' id='word_1_319' title='bbox 710 2438 832 2465; x_wconf 90' lang='lat' dir='ltr'>morte</span> <span class='ocrx_word' id='word_1_320' title='bbox 851 2431 951 2465; x_wconf 82' lang='lat' dir='ltr'>assai</span> <span class='ocrx_word' id='word_1_321' title='bbox 972 2432 1047 2465; x_wconf 82' lang='lat' dir='ltr'>ben</span> <span class='ocrx_word' id='word_1_322' title='bbox 1066 2431 1252 2476; x_wconf 86' lang='lat' dir='ltr'>disposto,</span> <span class='ocrx_word' id='word_1_323' title='bbox 1278 2429 1480 2475; x_wconf 74' lang='lat' dir='ltr'>percioche</span> <span class='ocrx_word' id='word_1_324' title='bbox 1506 2429 1531 2463; x_wconf 90' lang='lat' dir='ltr'>il</span> <span class='ocrx_word' id='word_1_325' title='bbox 1556 2429 1594 2463; x_wconf 89' lang='lat' dir='ltr'>di</span> <span class='ocrx_word' id='word_1_326' title='bbox 1619 2427 1745 2462; x_wconf 80' lang='lat' dir='ltr'>inanzi</span> <span class='ocrx_word' id='word_1_327' title='bbox 1770 2427 1841 2461; x_wconf 86' lang='lat' dir='ltr'>che</span> 
     </span>
     <span class='ocr_line' id='line_1_38' title="bbox 215 2474 1840 2523; baseline -0.003 -11"><span class='ocrx_word' id='word_1_328' title='bbox 215 2487 389 2523; x_wconf 88' lang='lat' dir='ltr'>partesse</span> <span class='ocrx_word' id='word_1_329' title='bbox 409 2479 440 2513; x_wconf 93' lang='lat' dir='ltr'>si</span> <span class='ocrx_word' id='word_1_330' title='bbox 460 2479 653 2523; x_wconf 84' lang='lat' dir='ltr'>confesso,</span> <span class='ocrx_word' id='word_1_331' title='bbox 675 2484 714 2512; x_wconf 88' lang='lat' dir='ltr'>et</span> <span class='ocrx_word' id='word_1_332' title='bbox 733 2476 957 2522; x_wconf 56' lang='lat' dir='ltr'>comunico„</span> <span class='ocrx_word' id='word_1_333' title='bbox 971 2483 1009 2512; x_wconf 90' lang='lat' dir='ltr'>et</span> <span class='ocrx_word' id='word_1_334' title='bbox 1028 2478 1128 2512; x_wconf 85' lang='lat' dir='ltr'>doue</span> <span class='ocrx_word' id='word_1_335' title='bbox 1147 2478 1268 2512; x_wconf 83' lang='lat' dir='ltr'>nostri</span> <span class='ocrx_word' id='word_1_336' title='bbox 1286 2476 1427 2511; x_wconf 85' lang='lat' dir='ltr'>fratelli</span> <span class='ocrx_word' id='word_1_337' title='bbox 1446 2476 1478 2510; x_wconf 91' lang='lat' dir='ltr'>si</span> <span class='ocrx_word' id='word_1_338' title='bbox 1497 2476 1672 2520; x_wconf 84' lang='lat' dir='ltr'>sogliono</span> <span class='ocrx_word' id='word_1_339' title='bbox 1690 2474 1840 2519; x_wconf 84' lang='lat' dir='ltr'>ogn&#39;ot-</span> 
     </span>
     <span class='ocr_line' id='line_1_39' title="bbox 216 2520 1841 2570; baseline -0.002 -11"><span class='ocrx_word' id='word_1_340' title='bbox 216 2531 254 2559; x_wconf 93' lang='lat' dir='ltr'>to</span> <span class='ocrx_word' id='word_1_341' title='bbox 272 2525 309 2559; x_wconf 89' lang='lat' dir='ltr'>di</span> <span class='ocrx_word' id='word_1_342' title='bbox 327 2526 564 2569; x_wconf 64' lang='lat' dir='ltr'>confessam,</span> <span class='ocrx_word' id='word_1_343' title='bbox 584 2527 735 2560; x_wconf 87' lang='lat' dir='ltr'>haueua</span> <span class='ocrx_word' id='word_1_344' title='bbox 754 2526 832 2570; x_wconf 87' lang='lat' dir='ltr'>egli</span> <span class='ocrx_word' id='word_1_345' title='bbox 847 2530 999 2559; x_wconf 85' lang='lat' dir='ltr'>cereata</span> <span class='ocrx_word' id='word_1_346' title='bbox 1017 2525 1142 2569; x_wconf 81' lang='lat' dir='ltr'>gratia</span> <span class='ocrx_word' id='word_1_347' title='bbox 1160 2525 1198 2559; x_wconf 91' lang='lat' dir='ltr'>di</span> <span class='ocrx_word' id='word_1_348' title='bbox 1217 2523 1313 2558; x_wconf 77' lang='lat' dir='ltr'>farlo</span> <span class='ocrx_word' id='word_1_349' title='bbox 1330 2525 1418 2568; x_wconf 82' lang='lat' dir='ltr'>ogni</span> <span class='ocrx_word' id='word_1_350' title='bbox 1438 2529 1592 2569; x_wconf 87' lang='lat' dir='ltr'>quattro</span> <span class='ocrx_word' id='word_1_351' title='bbox 1609 2522 1660 2566; x_wconf 90' lang='lat' dir='ltr'>di,</span> <span class='ocrx_word' id='word_1_352' title='bbox 1682 2523 1706 2556; x_wconf 88' lang='lat' dir='ltr'>il</span> <span class='ocrx_word' id='word_1_353' title='bbox 1725 2522 1796 2555; x_wconf 90' lang='lat' dir='ltr'>che</span> <span class='ocrx_word' id='word_1_354' title='bbox 1816 2520 1841 2555; x_wconf 93' lang='lat' dir='ltr'>li</span> 
     </span>
     <span class='ocr_line' id='line_1_40' title="bbox 216 2571 975 2607; baseline 0 -1"><span class='ocrx_word' id='word_1_355' title='bbox 216 2571 256 2606; x_wconf 83' lang='lat' dir='ltr'>fu</span> <span class='ocrx_word' id='word_1_356' title='bbox 274 2572 374 2607; x_wconf 88' lang='lat' dir='ltr'>dalla</span> <span class='ocrx_word' id='word_1_357' title='bbox 394 2579 526 2607; x_wconf 87' lang='lat' dir='ltr'>sancta</span> <span class='ocrx_word' id='word_1_358' title='bbox 545 2574 758 2607; x_wconf 84' lang='lat' dir='ltr'>obedienza</span> <span class='ocrx_word' id='word_1_359' title='bbox 775 2584 975 2607; x_wconf 89' lang='lat' dir='ltr'>concesso.</span> 
     </span>
    </p>

    <p class='ocr_par' dir='ltr' id='par_1_11' title="bbox 216 2613 1840 3042">
     <span class='ocr_line' id='line_1_41' title="bbox 287 2613 1839 2663; baseline -0.003 -10"><span class='ocrx_word' id='word_1_360' title='bbox 287 2621 320 2653; x_wconf 84' lang='lat' dir='ltr'><strong>A</strong></span> <span class='ocrx_word' id='word_1_361' title='bbox 340 2621 384 2653; x_wconf 84' lang='lat'>26</span> <span class='ocrx_word' id='word_1_362' title='bbox 402 2620 439 2654; x_wconf 90' lang='lat' dir='ltr'>di</span> <span class='ocrx_word' id='word_1_363' title='bbox 460 2620 626 2657; x_wconf 88' lang='lat' dir='ltr'>Ottobre</span> <span class='ocrx_word' id='word_1_364' title='bbox 650 2621 738 2663; x_wconf 80' lang='lat'>1556</span> <span class='ocrx_word' id='word_1_365' title='bbox 758 2619 795 2654; x_wconf 92' lang='lat' dir='ltr'>in</span> <span class='ocrx_word' id='word_1_366' title='bbox 815 2620 935 2654; x_wconf 85' lang='lat' dir='ltr'>Roma</span> <span class='ocrx_word' id='word_1_367' title='bbox 955 2619 1097 2653; x_wconf 85' lang='lat' dir='ltr'>incirca</span> <span class='ocrx_word' id='word_1_368' title='bbox 1124 2619 1158 2652; x_wconf 91' lang='lat' dir='ltr'>le</span> <span class='ocrx_word' id='word_1_369' title='bbox 1183 2627 1229 2652; x_wconf 91' lang='lat'>20</span> <span class='ocrx_word' id='word_1_370' title='bbox 1260 2619 1351 2652; x_wconf 89' lang='lat' dir='ltr'>hore</span> <span class='ocrx_word' id='word_1_371' title='bbox 1371 2615 1484 2663; x_wconf 79' lang='lat' dir='ltr'>passo</span> <span class='ocrx_word' id='word_1_372' title='bbox 1502 2616 1541 2651; x_wconf 91' lang='lat' dir='ltr'>di</span> <span class='ocrx_word' id='word_1_373' title='bbox 1559 2620 1696 2662; x_wconf 86' lang='lat' dir='ltr'>questa</span> <span class='ocrx_word' id='word_1_374' title='bbox 1715 2614 1794 2649; x_wconf 86' lang='lat' dir='ltr'>uita</span> <span class='ocrx_word' id='word_1_375' title='bbox 1813 2613 1839 2648; x_wconf 91' lang='lat' dir='ltr'>il</span> 
     </span>
     <span class='ocr_line' id='line_1_42' title="bbox 218 2664 1839 2712; baseline -0.004 -12"><span class='ocrx_word' id='word_1_376' title='bbox 218 2667 320 2700; x_wconf 89' lang='lat' dir='ltr'>buon</span> <span class='ocrx_word' id='word_1_377' title='bbox 340 2667 403 2700; x_wconf 70' lang='lat' dir='ltr'>Re</span> <span class='ocrx_word' id='word_1_378' title='bbox 419 2668 530 2701; x_wconf 90' lang='lat' dir='ltr'>Mtro.</span> <span class='ocrx_word' id='word_1_379' title='bbox 554 2667 740 2712; x_wconf 68' lang='lat' dir='ltr'>Andr[eja</span> <span class='ocrx_word' id='word_1_380' title='bbox 758 2666 908 2711; x_wconf 88' lang='lat' dir='ltr'>Frusio,</span> <span class='ocrx_word' id='word_1_381' title='bbox 929 2667 1070 2700; x_wconf 88' lang='lat' dir='ltr'>huomo</span> <span class='ocrx_word' id='word_1_382' title='bbox 1088 2665 1189 2699; x_wconf 85' lang='lat' dir='ltr'>assai</span> <span class='ocrx_word' id='word_1_383' title='bbox 1209 2665 1317 2700; x_wconf 91' lang='lat' dir='ltr'>dotto</span> <span class='ocrx_word' id='word_1_384' title='bbox 1337 2666 1374 2699; x_wconf 91' lang='lat' dir='ltr'>in</span> <span class='ocrx_word' id='word_1_385' title='bbox 1399 2664 1569 2705; x_wconf 65' lang='lat' dir='ltr'>teologia</span> <span class='ocrx_word' id='word_1_386' title='bbox 1595 2669 1685 2706; x_wconf 86' lang='lat' dir='ltr'>etc.,</span> <span class='ocrx_word' id='word_1_387' title='bbox 1713 2667 1752 2696; x_wconf 89' lang='lat' dir='ltr'>et</span> <span class='ocrx_word' id='word_1_388' title='bbox 1776 2671 1839 2695; x_wconf 88' lang='lat' dir='ltr'>era</span> 
     </span>
     <span class='ocr_line' id='line_1_43' title="bbox 216 2710 1839 2758; baseline -0.003 -11"><span class='ocrx_word' id='word_1_389' title='bbox 216 2715 430 2748; x_wconf 89' lang='lat' dir='ltr'>eccellente</span> <span class='ocrx_word' id='word_1_390' title='bbox 450 2714 597 2749; x_wconf 83' lang='lat' dir='ltr'>musico</span> <span class='ocrx_word' id='word_1_391' title='bbox 615 2714 748 2758; x_wconf 79' lang='lat' dir='ltr'>d&#39;ogni</span> <span class='ocrx_word' id='word_1_392' title='bbox 767 2719 869 2748; x_wconf 84' lang='lat' dir='ltr'>sorte</span> <span class='ocrx_word' id='word_1_393' title='bbox 887 2714 924 2747; x_wconf 93' lang='lat' dir='ltr'>di</span> <span class='ocrx_word' id='word_1_394' title='bbox 943 2718 1057 2747; x_wconf 86' lang='lat' dir='ltr'>canto</span> <span class='ocrx_word' id='word_1_395' title='bbox 1078 2717 1117 2746; x_wconf 87' lang='lat' dir='ltr'>et</span> <span class='ocrx_word' id='word_1_396' title='bbox 1135 2723 1258 2746; x_wconf 91' lang='lat' dir='ltr'>suono</span> <span class='ocrx_word' id='word_1_397' title='bbox 1278 2712 1317 2746; x_wconf 90' lang='lat' dir='ltr'>di</span> <span class='ocrx_word' id='word_1_398' title='bbox 1334 2710 1590 2757; x_wconf 86' lang='lat' dir='ltr'>qualsiuoglia</span> <span class='ocrx_word' id='word_1_399' title='bbox 1609 2711 1839 2744; x_wconf 84' lang='lat' dir='ltr'>instrumen-</span> 
     </span>
     <span class='ocr_line' id='line_1_44' title="bbox 217 2755 1840 2804; baseline -0.004 -10"><span class='ocrx_word' id='word_1_400' title='bbox 217 2766 268 2794; x_wconf 90' lang='lat' dir='ltr'>to:</span> <span class='ocrx_word' id='word_1_401' title='bbox 284 2766 403 2795; x_wconf 87' lang='lat' dir='ltr'>stette</span> <span class='ocrx_word' id='word_1_402' title='bbox 418 2762 544 2796; x_wconf 82' lang='lat' dir='ltr'>costui</span> <span class='ocrx_word' id='word_1_403' title='bbox 556 2761 657 2796; x_wconf 83' lang='lat' dir='ltr'>forse</span> <span class='ocrx_word' id='word_1_404' title='bbox 673 2760 842 2796; x_wconf 86' lang='lat' dir='ltr'>un&#39;anno</span> <span class='ocrx_word' id='word_1_405' title='bbox 857 2760 1030 2802; x_wconf 85' lang='lat' dir='ltr'>infermo‚</span> <span class='ocrx_word' id='word_1_406' title='bbox 1043 2759 1192 2793; x_wconf 78' lang='lat' dir='ltr'>benche</span> <span class='ocrx_word' id='word_1_407' title='bbox 1208 2770 1271 2793; x_wconf 84' lang='lat' dir='ltr'>era</span> <span class='ocrx_word' id='word_1_408' title='bbox 1286 2759 1363 2802; x_wconf 76' lang='lat' dir='ltr'>egli</span> <span class='ocrx_word' id='word_1_409' title='bbox 1377 2759 1437 2804; x_wconf 91' lang='lat' dir='ltr'>pel</span> <span class='ocrx_word' id='word_1_410' title='bbox 1451 2764 1604 2803; x_wconf 88' lang='lat' dir='ltr'>passato</span> <span class='ocrx_word' id='word_1_411' title='bbox 1619 2758 1653 2791; x_wconf 89' lang='lat' dir='ltr'>la</span> <span class='ocrx_word' id='word_1_412' title='bbox 1669 2755 1840 2800; x_wconf 74' lang='lat' dir='ltr'>maggior</span> 
     </span>
     <span class='ocr_line' id='line_1_45' title="bbox 217 2805 1839 2852; baseline -0.004 -11"><span class='ocrx_word' id='word_1_413' title='bbox 217 2814 325 2851; x_wconf 88' lang='lat' dir='ltr'>parte</span> <span class='ocrx_word' id='word_1_414' title='bbox 344 2809 417 2842; x_wconf 84' lang='lat' dir='ltr'>mal</span> <span class='ocrx_word' id='word_1_415' title='bbox 437 2820 543 2851; x_wconf 86' lang='lat' dir='ltr'>sano,</span> <span class='ocrx_word' id='word_1_416' title='bbox 565 2815 603 2843; x_wconf 90' lang='lat' dir='ltr'>et</span> <span class='ocrx_word' id='word_1_417' title='bbox 620 2820 692 2843; x_wconf 91' lang='lat' dir='ltr'>con</span> <span class='ocrx_word' id='word_1_418' title='bbox 713 2808 887 2842; x_wconf 88' lang='lat' dir='ltr'>mirabile</span> <span class='ocrx_word' id='word_1_419' title='bbox 906 2808 1088 2852; x_wconf 82' lang='lat' dir='ltr'>pacienza</span> <span class='ocrx_word' id='word_1_420' title='bbox 1107 2805 1291 2851; x_wconf 80' lang='lat' dir='ltr'>supporto</span> <span class='ocrx_word' id='word_1_421' title='bbox 1310 2806 1335 2840; x_wconf 93' lang='lat' dir='ltr'>il</span> <span class='ocrx_word' id='word_1_422' title='bbox 1355 2817 1425 2840; x_wconf 88' lang='lat' dir='ltr'>suo</span> <span class='ocrx_word' id='word_1_423' title='bbox 1444 2807 1542 2839; x_wconf 91' lang='lat' dir='ltr'>male</span> <span class='ocrx_word' id='word_1_424' title='bbox 1562 2809 1601 2838; x_wconf 89' lang='lat' dir='ltr'>et</span> <span class='ocrx_word' id='word_1_425' title='bbox 1626 2805 1727 2838; x_wconf 88' lang='lat' dir='ltr'>nella</span> <span class='ocrx_word' id='word_1_426' title='bbox 1747 2807 1839 2836; x_wconf 91' lang='lat' dir='ltr'>mat-</span> 
     </span>
     <span class='ocr_line' id='line_1_46' title="bbox 217 2852 1839 2901; baseline -0.003 -13"><span class='ocrx_word' id='word_1_427' title='bbox 217 2854 296 2888; x_wconf 88' lang='lat' dir='ltr'>tina</span> <span class='ocrx_word' id='word_1_428' title='bbox 314 2854 352 2888; x_wconf 92' lang='lat' dir='ltr'>di</span> <span class='ocrx_word' id='word_1_429' title='bbox 370 2857 458 2901; x_wconf 91' lang='lat' dir='ltr'>quel</span> <span class='ocrx_word' id='word_1_430' title='bbox 477 2856 515 2890; x_wconf 84' lang='lat' dir='ltr'>di</span> <span class='ocrx_word' id='word_1_431' title='bbox 533 2857 604 2890; x_wconf 91' lang='lat' dir='ltr'>che</span> <span class='ocrx_word' id='word_1_432' title='bbox 624 2866 761 2898; x_wconf 80' lang='lat' dir='ltr'>morse,</span> <span class='ocrx_word' id='word_1_433' title='bbox 784 2857 815 2889; x_wconf 92' lang='lat' dir='ltr'>si</span> <span class='ocrx_word' id='word_1_434' title='bbox 833 2852 1013 2889; x_wconf 80' lang='lat' dir='ltr'>confesso</span> <span class='ocrx_word' id='word_1_435' title='bbox 1027 2859 1066 2887; x_wconf 87' lang='lat' dir='ltr'>et</span> <span class='ocrx_word' id='word_1_436' title='bbox 1083 2852 1299 2896; x_wconf 82' lang='lat' dir='ltr'>comunico,</span> <span class='ocrx_word' id='word_1_437' title='bbox 1320 2859 1358 2887; x_wconf 88' lang='lat' dir='ltr'>et</span> <span class='ocrx_word' id='word_1_438' title='bbox 1378 2863 1472 2898; x_wconf 91' lang='lat' dir='ltr'>poco</span> <span class='ocrx_word' id='word_1_439' title='bbox 1487 2852 1614 2886; x_wconf 87' lang='lat' dir='ltr'>inanzi</span> <span class='ocrx_word' id='word_1_440' title='bbox 1629 2852 1700 2885; x_wconf 91' lang='lat' dir='ltr'>che</span> <span class='ocrx_word' id='word_1_441' title='bbox 1717 2859 1839 2884; x_wconf 87' lang='lat' dir='ltr'>morse</span> 
     </span>
     <span class='ocr_line' id='line_1_47' title="bbox 217 2897 1838 2947; baseline -0.003 -13"><span class='ocrx_word' id='word_1_442' title='bbox 217 2901 243 2935; x_wconf 93' lang='lat' dir='ltr'>li</span> <span class='ocrx_word' id='word_1_443' title='bbox 262 2901 419 2937; x_wconf 88' lang='lat' dir='ltr'>diedero</span> <span class='ocrx_word' id='word_1_444' title='bbox 444 2903 641 2937; x_wconf 85' lang='lat' dir='ltr'>l’estrema</span> <span class='ocrx_word' id='word_1_445' title='bbox 667 2902 839 2945; x_wconf 89' lang='lat' dir='ltr'>untione,</span> <span class='ocrx_word' id='word_1_446' title='bbox 869 2903 982 2947; x_wconf 86' lang='lat' dir='ltr'>quale</span> <span class='ocrx_word' id='word_1_447' title='bbox 1007 2900 1127 2936; x_wconf 88' lang='lat' dir='ltr'>riceui</span> <span class='ocrx_word' id='word_1_448' title='bbox 1151 2911 1222 2934; x_wconf 84' lang='lat' dir='ltr'>con</span> <span class='ocrx_word' id='word_1_449' title='bbox 1249 2901 1364 2934; x_wconf 87' lang='lat' dir='ltr'>molta</span> <span class='ocrx_word' id='word_1_450' title='bbox 1395 2899 1595 2934; x_wconf 90' lang='lat' dir='ltr'>diuotione</span> <span class='ocrx_word' id='word_1_451' title='bbox 1625 2903 1664 2932; x_wconf 91' lang='lat' dir='ltr'>et</span> <span class='ocrx_word' id='word_1_452' title='bbox 1694 2897 1838 2942; x_wconf 88' lang='lat' dir='ltr'>rispon-</span> 
     </span>
     <span class='ocr_line' id='line_1_48' title="bbox 216 2942 1840 2994; baseline -0.003 -12"><span class='ocrx_word' id='word_1_453' title='bbox 216 2947 342 2982; x_wconf 84' lang='lat' dir='ltr'>dendo</span> <span class='ocrx_word' id='word_1_454' title='bbox 360 2961 381 2983; x_wconf 87' lang='lat' dir='ltr'>a</span> <span class='ocrx_word' id='word_1_455' title='bbox 399 2950 499 2985; x_wconf 89' lang='lat' dir='ltr'>colui</span> <span class='ocrx_word' id='word_1_456' title='bbox 513 2951 585 2984; x_wconf 86' lang='lat' dir='ltr'>che</span> <span class='ocrx_word' id='word_1_457' title='bbox 602 2950 719 2994; x_wconf 85' lang='lat' dir='ltr'>gliela</span> <span class='ocrx_word' id='word_1_458' title='bbox 736 2948 849 2993; x_wconf 87' lang='lat' dir='ltr'>daua,</span> <span class='ocrx_word' id='word_1_459' title='bbox 868 2959 939 2983; x_wconf 91' lang='lat' dir='ltr'>con</span> <span class='ocrx_word' id='word_1_460' title='bbox 959 2948 1134 2982; x_wconf 88' lang='lat' dir='ltr'>mirabile</span> <span class='ocrx_word' id='word_1_461' title='bbox 1152 2946 1395 2981; x_wconf 86' lang='lat' dir='ltr'>edificatione</span> <span class='ocrx_word' id='word_1_462' title='bbox 1414 2946 1450 2980; x_wconf 90' lang='lat' dir='ltr'>di</span> <span class='ocrx_word' id='word_1_463' title='bbox 1467 2946 1572 2990; x_wconf 87' lang='lat' dir='ltr'>tutti,</span> <span class='ocrx_word' id='word_1_464' title='bbox 1590 2943 1771 2991; x_wconf 87' lang='lat' dir='ltr'>parlando</span> <span class='ocrx_word' id='word_1_465' title='bbox 1785 2942 1840 2977; x_wconf 92' lang='lat' dir='ltr'>in-</span> 
     </span>
     <span class='ocr_line' id='line_1_49' title="bbox 216 2994 1492 3042; baseline -0.002 -13"><span class='ocrx_word' id='word_1_466' title='bbox 216 2994 365 3030; x_wconf 84' lang='lat' dir='ltr'>sin&#39;alla</span> <span class='ocrx_word' id='word_1_467' title='bbox 385 3002 521 3041; x_wconf 88' lang='lat' dir='ltr'>morte,</span> <span class='ocrx_word' id='word_1_468' title='bbox 542 3003 616 3032; x_wconf 86' lang='lat' dir='ltr'>etc.</span> <span class='ocrx_word' id='word_1_469' title='bbox 634 2996 744 3030; x_wconf 88' lang='lat' dir='ltr'>Beati</span> <span class='ocrx_word' id='word_1_470' title='bbox 765 2996 918 3039; x_wconf 87' lang='lat' dir='ltr'>mortui,</span> <span class='ocrx_word' id='word_1_471' title='bbox 938 2995 1003 3042; x_wconf 88' lang='lat' dir='ltr'>qui</span> <span class='ocrx_word' id='word_1_472' title='bbox 1022 2995 1060 3029; x_wconf 88' lang='lat' dir='ltr'>in</span> <span class='ocrx_word' id='word_1_473' title='bbox 1079 2994 1247 3029; x_wconf 89' lang='lat' dir='ltr'>Domino</span> <span class='ocrx_word' id='word_1_474' title='bbox 1267 2994 1492 3029; x_wconf 86' lang='lat' dir='ltr'>moriuntur.</span> 
     </span>
    </p>
   </div>
   <div class='ocr_carea' id='block_1_4' title="bbox 1863 0 1891 2036">
    <p class='ocr_par' dir='ltr' id='par_1_12' title="bbox 1863 0 1891 2036">
     <span class='ocr_line' id='line_1_50' title="bbox 1863 0 1891 2036; baseline 0 0"><span class='ocrx_word' id='word_1_475' title='bbox 1863 0 1891 2036; x_wconf 95' lang='lat' dir='ltr'> </span> 
     </span>
    </p>
   </div>
  </div>
 </body>
</html>
