1891 3292
258 173 325 208 702
755 165 941 199 POLANcr
974 173 1291 199 COMPLEMENTA

212 266 362 308 addito
384 265 522 316 socio,
549 271 592 307 et
614 264 724 307 alios
746 264 791 306 in
816 265 1034 320 Hispania
1058 266 1315 308 assumendi
1339 267 1565 319 facultate,
1585 266 1830 321 prouincia-

214 325 264 366 lis
286 335 466 365 creatus
490 323 746 374 Brassiliae,
773 324 817 366 in
843 338 968 366 suam
995 325 1271 378 prouinciam
1297 325 1521 368 discessit.

300 394 370 437 29.
438 382 552 424 Cum
586 389 653 438 9.³
681 382 793 423 Iunii
818 398 842 424 a
870 397 1046 424 summo
1069 378 1280 438 pontifice
1304 391 1499 438 peterem
1525 398 1604 438 pro
1627 383 1831 439 episcopo

210 443 255 485 S.
285 441 534 483 Audomari
559 441 817 484 facultatem
849 442 1141 496 dispensandi
1165 457 1298 495 super
1326 442 1642 497 illegitimitate
1664 450 1832 486 secreta

211 514 313 540 cum
336 499 510 542 clericis
532 499 600 540 sui
630 499 878 550 seminarii,
911 515 1008 542 eam
1038 500 1276 543 concessit.
1314 501 1644 544 Posterioribus
1672 501 1832 544 mensi—

212 560 296 600 bus
320 558 463 599 eidem
494 558 834 612 impetrauimus
864 565 909 603 Vt
939 559 1095 602 decem
1125 559 1243 601 viros
1272 563 1402 614 (quos
1432 559 1756 614 nominauerat)
1789 560 1831 602 in

212 632 292 659 sua
315 617 510 659 dioecesi
534 617 813 660 constituere
837 625 1005 672 posset,
1038 619 1113 672 qui
1135 619 1324 661 eandem
1348 619 1566 661 haberent
1589 618 1829 660 absoluen-

211 676 255 717 di
279 676 555 729 facultatem,
583 690 714 729 quam
745 675 984 717 concilium
1016 677 1307 719 tridentinum
1339 677 1445 731 ipsis
1474 676 1695 732 episcopis
1728 690 1830 719 con-

212 735 361 776 cessit.
390 734 586 776 Litterae
609 734 742 776 etiam
763 735 927 788 quibus
949 735 1150 790 pontifex
1181 736 1415 777 confirmat
1446 750 1558 790 opus
1581 735 1758 790 collegii
1791 742 1834 777 et

214 793 440 836 seminarii
465 794 520 834 ab
551 808 605 836 eo
628 800 832 848 ceptum3
865 801 908 835 et
938 794 1151 849 quicquid
1181 794 1338 836 viuens
1367 795 1411 835 in
1440 794 1503 837 eis
1532 794 1733 849 collegiis
1762 808 1831 836 ex-

215 852 433 907 penderit,
460 860 565 893 sunt
590 852 868 907 impetratae.

302 924 370 964 30.
438 910 659 953 Missurus
683 912 881 966 pontifex
904 911 1175 954 cardinalem
1195 913 1249 954 de
1273 913 1428 954 Monte
1446 911 1490 953 in
1514 911 1833 954 monasterium

213 971 489 1021 cassinense,
516 984 605 1023 quo
628 971 683 1011 ad
707 977 885 1024 tempus
915 971 1142 1025 relegatus
1170 971 1242 1013 ille
1271 978 1387 1023 erat,
1414 970 1720 1025 compluribus
1743 983 1832 1012 car-

215 1028 439 1070 dinalibus
482 1029 524 1069 id
555 1029 721 1071 obnixe
751 1029 1101 1083 postulantibus,
1128 1030 1218 1070 duo
1246 1044 1301 1072 ex
1329 1029 1494 1070 nostris
1521 1029 1665 1072 eidem
1697 1029 1832 1070 cardi-

214 1088 301 1128 nali
326 1088 382 1130 de
406 1089 560 1130 Monte
583 1087 781 1129 adiuncti
811 1096 938 1138 sunt,
971 1097 1017 1128 vt
1046 1088 1185 1142 ipsius
1215 1102 1368 1129 curam
1393 1089 1623 1142 haberent,
1650 1094 1757 1139 etc.;
1792 1096 1835 1130 et

218 1148 265 1188 P.
295 1147 512 1201 losephus
535 1146 813 1188 Cortesonus
843 1160 943 1188 cum
977 1146 1066 1189 Μ.0
1098 1147 1289 1189 Alfonso
1319 1147 1509 1190 Storella
1539 1146 1750 1189 destinati
1782 1148 1834 1188 ad

216 1206 274 1259 id,
302 1220 403 1246 cum
429 1204 640 1246 cardinali
666 1205 851 1259 profecti
870 1212 990 1248 sunt.

305 1276 375 1317 31.
442 1265 543 1306 Hoc
566 1264 663 1318 ipso
687 1278 807 1315 vere,
833 1277 987 1306 mense
1012 1265 1188 1315 Martio,
1215 1278 1269 1306 ex
1293 1264 1524 1307 Lusitania
1546 1276 1573 1317 4
1596 1279 1651 1307 ex
1674 1263 1835 1306 nostris

214 1337 316 1365 cum
340 1323 482 1364 classe
505 1323 628 1375 regia
652 1323 774 1364 missi
798 1330 904 1364 sunt
928 1323 971 1363 in
996 1323 1272 1377 prouinciam
1297 1323 1579 1378 Aethiopiae,
1606 1325 1834 1365 Monomo-

215 1390 381 1437 tapam,
408 1382 482 1422 vbi
515 1382 564 1423 P.
597 1382 883 1432 Gonsaluus,
910 1396 1018 1434 rege
1046 1396 1147 1423 cum
1179 1382 1330 1424 multis
1360 1382 1584 1424 nobilibus
1617 1383 1673 1424 ad
1703 1382 1833 1423 fidem

213 1455 449 1491 conuerso,
476 1440 531 1482 ab
553 1442 709 1482 eodem
732 1448 899 1494 martyr
917 1442 1105 1483 effectus
1124 1441 1283 1483 fuerat.
1306 1442 1366 1483 Hi
1386 1442 1567 1482 fuerunt
1589 1442 1677 1483 PP.
1700 1442 1850 1492 Fran--

213 1500 362 1541 ciscus
387 1499 660 1541 Montisclari
684 1507 727 1539 et
752 1500 1013 1553 Stephanus
1032 1500 1196 1554 Lepez,
1223 1514 1273 1542 ac
1298 1501 1455 1542 fratres
1472 1501 1732 1543 Gonsaluus
1751 1501 1833 1542 De-

215 1559 300 1609 nis,
327 1567 371 1600 et
395 1558 656 1600 Dominicus
682 1559 924 1600 Gonsalui.
957 1559 1108 1601 Huius
1132 1559 1354 1600 missionis
1376 1559 1478 1601 finis
1501 1567 1613 1610 erat,
1640 1566 1704 1610 vt,
1730 1558 1833 1600 dum

213 1617 439 1659 exercitus
462 1631 515 1659 eo
537 1617 700 1658 missus
724 1617 936 1658 barbaros
964 1618 1097 1659 armis
1126 1618 1310 1660 domare
1332 1618 1509 1668 nititur,
1535 1618 1619 1673 ipsi
1641 1631 1835 1672 euange-

214 1677 299 1718 lica
321 1676 523 1717 doctrina
548 1676 752 1719 excolere
776 1675 1041 1718 niterentur.

306 1747 378 1788 32.
444 1735 611 1776 Eodem
636 1742 855 1788 tempore,
902 1749 1001 1776 cum
1027 1749 1173 1776 nouus
1202 1750 1377 1790 prorex,
1413 1737 1470 1779 D.
1495 1735 1764 1779 Franciscus
1785 1735 1838 1777 de

214 1794 385 1836 Toledo
409 1793 453 1834 in
478 1794 709 1847 regionem
737 1794 855 1836 Peru
878 1808 902 1835 a
925 1794 1146 1835 catholico
1176 1808 1282 1849 rege
1307 1794 1576 1845 mitteretur,
1605 1801 1649 1836 et
1672 1793 1835 1835 duode-
1890 1837 1891 1847 ,

213 1853 297 1895 cim
322 1868 376 1894 ex
400 1852 562 1893 nostris
586 1867 610 1894 a
638 1854 685 1894 P.
719 1852 917 1905 generali
948 1853 1244 1907 impetrasset,
1297 1855 1345 1895 P.
1374 1853 1669 1907 Hernandez,
1695 1862 1838 1895 rector
1890 1854 1891 1891 ἰ

213 1912 388 1966 collegii
420 1911 679 1966 burgensis,
710 1925 811 1953 cum
840 1911 935 1953 aliis
966 1912 1178 1966 operariis
1209 1911 1407 1967 egregiis
1435 1913 1629 1966 electus,
1662 1918 1706 1955 et
1739 1925 1837 1953 cum
1890 1917 1891 1923 ’

212 1971 369 2013 eodem
395 1971 622 2025 profectus
646 1977 728 2012 est.

303 2042 373 2082 33.
441 2031 597 2071 Mense
622 2028 741 2081 Maii,
791 2042 893 2069 cum
918 2029 1155 2071 cardinalis
1179 2029 1372 2084 Spinosa
1400 2030 1642 2084 collegium
1667 2030 1710 2071 in
1735 2030 1837 2072 ciui-

216 2095 304 2130 tate
327 2087 569 2141 seguntina
599 2087 883 2141 impetrasset
914 2087 1109 2139 institui,
1141 2102 1219 2130 sex
1249 2089 1304 2129 ad
1334 2088 1535 2130 iacienda
1565 2089 1662 2131 eius
1686 2090 1839 2131 funda-

214 2154 364 2188 menta
388 2148 432 2187 in
470 2146 690 2200 spirituali
729 2145 932 2188 aedificio
956 2147 1078 2189 missi
1117 2155 1222 2189 sunt
1254 2147 1379 2203 [dum
1403 2147 1510 2202 ipse]
1538 2146 1575 2171 ¹³¹³
1604 2148 1840 2190 cardinalis

215 2206 443 2248 materiale
469 2205 716 2247 inchoaret.

303 2277 372 2318 34.
440 2264 613 2305 Ciuitas
635 2264 805 2317 Spoleti
829 2264 1069 2318 collegium
1093 2264 1332 2308 Societatis
1357 2272 1535 2306 nostrae
1561 2279 1726 2320 magna
1749 2264 1838 2306 ani-

213 2338 387 2364 morum
411 2323 730 2374 consensione,
757 2322 1004 2364 redditibus
1033 2324 1302 2377 designatis,
1330 2323 1534 2377 expetiit3
1562 2331 1605 2366 et
1635 2337 1737 2365 cum
1761 2323 1840 2366 alia

212 2384 309 2424 loca
339 2396 428 2423 non
454 2383 704 2436 placerent,
741 2382 979 2435 quemdam
1013 2383 1059 2425 S.
1088 2384 1301 2425 Andreae
1329 2382 1520 2436 collegio
1543 2384 1840 2435 commodum,

213 2442 349 2482 misso
382 2443 533 2496 legato
565 2441 799 2494 peculiari,
832 2448 989 2482 contra
1019 2442 1238 2494 quosdam
1274 2441 1547 2494 relligiosos,
1580 2456 1603 2482 a
1634 2442 1840 2496 pontifice

212 2500 415 2542 obtinere
446 2499 597 2541 conati
627 2506 748 2542 sunt:
782 2506 826 2542 et
857 2500 942 2541 hoc
972 2500 1215 2541 admissum
1247 2507 1333 2551 est,
1364 2501 1400 2541 si
1435 2501 1688 2543 necessaria
1722 2497 1841 2556 para-

215 2566 386 2602 rentur.

303 2628 373 2671 35.
440 2618 555 2659 Cum
586 2631 789 2658 summus
820 2617 1020 2670 pontifex
1053 2616 1097 2658 in
1127 2631 1259 2658 suum
1293 2617 1513 2671 palacium
1547 2618 1841 2673 commigrare

216 2678 270 2718 D.
298 2678 521 2719 Toledum
551 2675 754 2727 iusisset,
782 2676 893 2717 itum
927 2684 994 2717 est
1024 2677 1080 2717 ad
1110 2676 1277 2730 ipsum,
1305 2684 1349 2718 et
1379 2683 1621 2718 contentus
1651 2677 1733 2717 fuit
1757 2682 1840 2729 (me

218 2735 360 2777 Patris
383 2735 608 2789 generalis
632 2735 817 2776 nomine
840 2735 1137 2788 supplicante)
1164 2747 1209 2783 vlt
1238 2735 1282 2775 in
1307 2735 1499 2789 collegio
1522 2743 1739 2786 maneret;
1765 2733 1841 2776 sed

214 2808 317 2836 cum
346 2801 500 2848 postea
536 2793 928 2836 animaduertisset
961 2795 1093 2835 Pater
1125 2793 1351 2848 generalis
1380 2793 1610 2849 ingratum
1644 2794 1839 2836 futurum

287 2984 325 3009 bb
378 2983 531 3016 Attrita
551 2982 705 3016 charta.
