1891 3292
232 189 300 222 616
736 185 923 219 POLANC!
951 191 1265 219 COMPLEMENTA

271 299 325 343 29
350 286 487 328 huius
509 285 671 328 iterum
691 283 944 326 coniurauit
963 285 1015 327 R.
1039 286 1090 327 P.
1113 282 1363 335 Cornelius,
1382 282 1508 325 iussu
1527 282 1642 325 Rmi.
1664 283 1802 325 cardi—

183 346 294 389 nalis
317 346 371 386 de
395 344 530 399 Carpi
553 351 596 386 et
620 343 907 386 obedientiae
928 350 1126 385 sanctae.

274 417 327 457 30
349 403 483 445 huius
507 410 601 445 2.³¹¹¹
623 402 982 443 exhortationem
1008 402 1112 444 fecit
1144 403 1198 444 R.
1232 402 1283 442 P.
1317 400 1505 443 Natalis.
1540 399 1799 454 Responde-

184 472 287 504 runt
311 463 468 505 eodem
492 461 564 502 die
588 475 665 515 per
687 468 769 513 4.(Π
791 462 925 503 horas
953 460 998 501 in
1029 458 1346 514 philosophicis
1375 473 1454 514 pro
1483 458 1627 513 gradu
1655 458 1802 513 magi-

182 520 305 564 sterii
327 521 372 562 in
396 520 568 562 artibus
592 521 785 562 Hermes
807 519 992 573 flander,
1025 520 1221 561 Thomas
1253 517 1417 572 anglus
1439 524 1482 560 et
1501 518 1673 560 Hector
1705 531 1804 572 ger-

184 594 358 632 manus,
384 578 811 633 argumentantibus
834 579 1089 633 theologiae
1117 585 1161 618 et
1190 576 1513 631 phylosophiae
1543 575 1780 630 professori

182 640 281 681 bus.
305 638 523 692 Magister
541 637 718 678 illorum
742 643 836 680 erat
855 651 1049 692 praeses.
1072 638 1125 678 R.
1148 636 1197 678 P.
1220 634 1394 678 Natalis
1413 642 1505 677 tum
1525 634 1657 677 etiam
1679 648 1802 683 suam

184 711 366 775 operam
389 696 646 739 adhibebat.

272 755 469 810 Quidam
493 770 517 797 a
539 754 733 809 collegio
766 755 945 809 petebat
968 754 1120 797 debita
1148 752 1256 795 satis
1285 752 1595 795 exacerbatus.
1622 752 1712 795 Sed
1744 752 1801 794 lo-

183 828 327 870 quens
350 828 451 856 cum
478 815 530 855 R.
555 815 605 856 P.
634 813 876 856 Laurentio
893 813 954 855 ita
972 813 1161 867 quieuit,
1182 819 1231 853 ut
1254 811 1387 855 etiam
1405 825 1586 866 operam
1610 824 1737 852 suam
1761 810 1804 853 in

184 873 362 928 collegii
385 872 619 916 seruitium
643 873 839 915 offerret.

921 953 1069 1010 [1558]

949 1032 1040 1074 IhS.

273 1109 410 1150 Anno
449 1107 576 1161 1558,
610 1107 682 1150 die
718 1107 777 1163 [1.
785 1106 824 1164 ⁸⁸]
855 1106 1049 1149 Ianuarii
1079 1105 1400 1148 renouauimus
1428 1118 1584 1147 omnes
1612 1118 1690 1159 per
1723 1104 1804 1148 Dei

184 1167 375 1223 gratiam
400 1175 506 1209 uota
534 1175 687 1208 nostra
715 1167 759 1207 in
788 1166 980 1220 collegio
1006 1164 1262 1215 Societatis,
1294 1178 1395 1206 cum
1427 1162 1601 1218 ingenti
1631 1164 1806 1207 feruore

184 1233 228 1269 et
261 1225 567 1268 consolatione
599 1225 798 1290 spiritus.
836 1225 1039 1267 Aderant
1073 1225 1118 1266 in
1149 1222 1336 1278 prandio
1369 1224 1421 1265 R.
1460 1224 1510 1265 P.
1549 1221 1801 1277 Pascasius,

185 1285 357 1336 Simon,
383 1293 428 1326 et
451 1285 668 1336 Polanco,
694 1283 770 1338 qui
792 1297 919 1325 sacra
943 1285 1141 1326 fecerant
1165 1296 1245 1338 pro
1269 1281 1497 1325 fratribus.
1523 1282 1710 1323 Fecerat
1731 1295 1804 1323 au-

185 1351 274 1388 tem
299 1345 352 1387 R.
387 1345 439 1386 P.
472 1343 644 1386 Natalis
674 1357 851 1384 summo
883 1357 1014 1385 mane
1047 1356 1127 1397 pro
1160 1341 1485 1383 sacerdotibus.
1521 1341 1625 1383 Non
1659 1346 1805 1382 tamen

183 1402 468 1459 porreximus
491 1401 710 1457 superiori
735 1402 919 1443 formam
943 1409 1165 1443 votorum.

273 1462 508 1505 Venerunt
527 1462 693 1504 Loreto
710 1462 773 1504 M.
794 1461 1077 1506 Edmundus
1105 1459 1387 1510 Cincinatus‚
1410 1460 1573 1501 Petrus
1595 1458 1651 1501 de
1669 1457 1806 1500 Nizza

183 1530 227 1563 et
250 1521 440 1562 Ioannes
463 1521 626 1575 gallus.

274 1579 341 1623 2.⁰
365 1579 500 1621 huius
522 1579 610 1630 die,
638 1592 830 1633 pransus
853 1586 921 1621 est
944 1578 988 1619 in
1013 1577 1205 1632 collegio
1228 1579 1289 1620 M.
1317 1577 1584 1619 Edmundus
1612 1590 1715 1618 cum
1738 1591 1804 1619 so-

183 1637 279 1690 ciis;
306 1646 349 1681 et
372 1638 503 1680 iussit
525 1652 681 1680 versus
704 1639 852 1681 facere
876 1639 928 1679 R.
958 1639 1009 1679 P.
1036 1636 1221 1679 Natalis.

273 1698 338 1750 3.⁰
363 1697 497 1739 huius
520 1704 765 1740 renouatae
787 1705 892 1738 sunt
916 1696 959 1737 in
982 1695 1176 1750 collegio
1200 1694 1539 1750 praelectiones·

271 1755 339 1798 6.0
357 1756 510 1810 huius,
522 1755 613 1821 qui
650 1764 744 1798 erat
779 1756 941 1799 festum
977 1754 1271 1810 Epiphaniae,
1308 1753 1575 1809 permissum
1609 1760 1677 1796 est
1701 1766 1804 1807 pue

183 1814 243 1856 ris
266 1824 310 1857 et
329 1815 556 1869 germanis
573 1815 618 1856 in
637 1814 844 1869 collegio,
868 1821 914 1855 vt
933 1828 1087 1867 regern
1120 1813 1339 1871 eligerent
1362 1820 1406 1854 et
1435 1813 1637 1855 modeste
1664 1826 1712 1854 se
1740 1825 1804 1854 re-

183 1881 386 1917 crearent
409 1873 454 1915 in
478 1874 690 1929 Domino,
718 1874 820 1915 data
844 1872 977 1915 etiam
1002 1873 1183 1927 largiori
1207 1886 1348 1914 coena
1370 1886 1505 1926 supra
1528 1870 1728 1913 solitum.

275 1932 299 1973 8
322 1932 473 1983 huius,
500 1940 687 1975 vocatus
710 1933 765 1975 ad
790 1934 965 1974 Rmum.
991 1932 1261 1974 cardinalem
1305 1931 1346 1972 di
1372 1930 1507 1985 Carpi
1531 1931 1582 1972 R.
1612 1930 1661 1971 P.
1689 1930 1803 1972 Cor-

186 1990 345 2041 nelius,
382 1992 572 2034 accessit
605 2006 706 2033 curn
742 1993 792 2034 R.
834 1993 883 2034 P.
920 1992 1130 2043 Polanco‚
1161 1991 1236 2044 qui
1267 1989 1363 2032 eius
1392 1989 1572 2031 nomine
1594 1989 1807 2042 loquutus

181 2056 264 2104 est;
302 2050 375 2092 ille
408 2064 603 2104 namque
637 2050 680 2092 in
714 2050 925 2091 omnibus
965 2050 1061 2091 istis
1100 2048 1295 2104 negotiis
1327 2049 1384 2092 de
1413 2047 1717 2091 doemoniacis
1751 2047 1806 2088 ad

182 2108 470 2151 obedientiae
499 2116 684 2152 sanctae
714 2109 1038 2164 praescriptum
1068 2123 1116 2151 se
1145 2108 1377 2150 humilime
1406 2115 1450 2151 et
1483 2121 1584 2149 curn
1614 2105 1806 2148 maxima

181 2167 488 2222 resignatione
510 2169 745 2220 referebat,
772 2176 819 2210 ut
850 2170 1108 2222 frequenter
1138 2169 1196 2212 R.
1236 2168 1286 2209 P.
1319 2167 1486 2208 vicario
1515 2173 1559 2209 et
1587 2165 1685 2207 aliis
1714 2166 1802 2207 Pa-

181 2226 324 2268 tribus
347 2227 539 2269 dicebat.

269 2299 296 2340 9
331 2285 464 2327 huius
493 2285 686 2327 maxima
715 2294 992 2328 conuenerat
1028 2284 1270 2327 multitudo
1300 2284 1453 2339 populi
1483 2284 1539 2325 ad
1566 2282 1803 2325 lectionem
1831 2314 1834 2317 s

182 2344 235 2386 R.
263 2346 314 2385 P.
342 2344 495 2386 vicarii
519 2343 554 2395 fs;
596 2352 640 2387 et
685 2345 847 2385 mirum
879 2345 986 2386 satis
1016 2351 1084 2386 est
1113 2358 1249 2397 quarn
1277 2343 1538 2386 mirabiliter
1567 2343 1620 2384 ad
1651 2341 1805 2384 diuina

180 2402 576 2444 inflammabantur
598 2402 697 2444 istis
719 2404 892 2447 diebus.

275 2473 322 2503 12
348 2462 483 2503 huius
506 2476 645 2516 quum
670 2462 834 2504 rediret
859 2463 914 2503 ad
943 2461 1185 2515 collegium
1220 2462 1407 2502 Ioannes
1431 2461 1636 2511 Iacobus,
1663 2458 1803 2501 voluit

181 2520 231 2562 R.
258 2521 306 2563 P.
336 2521 512 2563 Madrid
536 2529 582 2562 ut
605 2521 787 2563 daretur
810 2521 892 2575 ipsi
916 2528 959 2562 et
982 2520 1078 2563 aliis
1102 2521 1292 2562 facultas
1314 2527 1350 2551 gg
1372 2520 1511 2561 libera
1533 2519 1650 2561 inter
1674 2533 1721 2561 se
1744 2518 1802 2559 lo-

180 2579 363 2633 quendi,
390 2594 505 2634 quae
529 2586 660 2621 antea
683 2587 777 2622 erat
799 2579 1053 2622 interdicta.

275 2638 324 2679 18
349 2639 482 2680 huius
505 2638 739 2680 constituit
764 2638 964 2693 pontifex
988 2637 1177 2692 publicis
1199 2637 1359 2680 edictis
1381 2636 1420 2662 ²¹¹²
1442 2650 1611 2679 nouum
1642 2637 1802 2679 festum

181 2694 224 2737 in
249 2697 463 2739 honorem
487 2697 728 2740 cathedrae
751 2711 961 2739 romanae
985 2699 1041 2739 D.
1071 2697 1207 2738 Petri.
1240 2697 1431 2751 Ipsemet
1462 2695 1624 2750 prodiit
1652 2695 1705 2736 ad
1736 2708 1800 2736 sa-

181 2767 304 2796 crum
329 2755 373 2797 in
397 2756 442 2799 S.
471 2758 617 2799 Petro.
645 2756 881 2810 Agebatur
905 2757 1067 2798 festum
1091 2755 1264 2798 emissis
1283 2753 1519 2797 tormentis
1537 2754 1581 2795 in
1599 2754 1798 2795 castello.

271 2815 606 2858 Pulcherrimae
629 2815 784 2857 literae
807 2815 1078 2869 legebantur
1101 2814 1145 2855 in
1176 2813 1367 2869 collegio
1395 2828 1420 2855 a
1449 2814 1501 2856 R.
1536 2814 1588 2856 P.
1619 2811 1801 2854 Canisio

181 2870 460 2917 Wormatiae
482 2874 688 2929 scriptae.

249 3002 273 3027 ff
320 3001 495 3037 Vicarius
514 3013 582 3036 ms.
635 3012 720 3035 —gg
737 3002 823 3036 aliis
841 3002 888 3036 ad
912 3002 1074 3037 facultas
1095 3013 1163 3039 ms.
1218 3002 1302 3028 —hh
1322 3000 1496 3046 publicas
1525 2999 1695 3035 oedictas
1724 3009 1796 3032 ms.
