1891 3292
579 165 1113 209 COMMENTARIOLA··-1565
1541 164 1610 206 ξ>55

23 268 215 312 chitecto
243 269 513 320 confectam,
542 266 812 309 inchoando.
840 268 975 311 Dedit
999 266 1175 309 interim
1195 266 1339 310 eidem
1369 264 1563 319 collegio
1582 278 1659 305 no-

23 337 113 370 stro
136 327 318 368 domum
342 325 524 381 collegii
546 326 593 369 S.
620 326 891 378 Hieronimi‚
923 341 1025 369 cum
1051 326 1261 367 omnibus
1284 325 1552 374 redditibus,
1578 323 1660 365 sci-

23 387 126 429 licet
153 392 472 428 sexcentorum
511 386 786 427 florenorum
828 400 944 440 quos
981 386 1178 427 habebat
1213 384 1490 439 praedictum
1530 383 1663 424 colle-

24 446 144 500 gium
170 451 349 499 praeter
371 444 482 487 alios
507 445 608 495 800,
631 459 747 499 quos
772 444 895 499 prius
914 445 1237 500 applicauerat,
1264 443 1459 498 collegio
1481 450 1665 484 nostrae

23 503 280 555 Societatis;
307 511 350 545 et
374 517 491 545 onus
514 511 690 546 tanturn
713 504 927 558 imposuit
949 503 1202 558 excipiendi
1227 502 1515 544 conuictores
1538 516 1562 542 a
1595 515 1665 542 ca-

25 563 164 620 pitulo
192 570 454 617 augustano
483 564 556 606 vel
583 563 678 604 suis
705 562 921 617 impensis
951 564 1151 616 alendos,
1185 561 1402 603 ministris
1431 561 1474 602 in
1500 575 1554 603 eo
1577 561 1666 601 col-

23 622 140 678 legio
158 621 341 674 futuris3
368 622 479 664 alios
502 629 735 677 praeterea
759 622 961 664 redditus
985 622 1254 678 pollicendo;
1281 630 1325 663 et
1354 634 1475 662 noua
1504 620 1668 661 instru-

24 688 172 725 menta
190 695 214 722 a
232 695 412 723 summo
431 681 647 736 pontifice
665 682 991 734 confirmanda,
1012 682 1179 735 quibus
1197 679 1470 736 gubernatio
1493 687 1537 721 et
1556 678 1670 721 dire-

23 740 111 784 ctio
138 740 447 783 vniuersitatis
478 748 523 783 et
556 741 737 796 collegii
767 742 1004 795 Vtriusque
1027 741 1072 782 in
1101 740 1375 784 Societatem
1407 738 1670 780 transferre-

24 808 110 855 tur,
137 799 300 841 confici
322 800 476 843 voluit.
788 840 796 862 Ι

111 869 180 912 74.
246 859 362 901 Cum
388 859 629 914 episcopus
652 859 699 903 S.
728 858 1129 902 Audomarisuum
1150 857 1440 900 seminarium
1467 867 1521 909 72
1541 857 1670 897 scho-

26 918 284 962 lasticorum
309 919 366 960 ab
399 919 496 974 ipso
525 918 800 972 institutum,
827 917 1043 962 Societati
1069 918 1244 959 tradere
1276 917 1424 966 vellet,
1451 923 1495 958 et
1525 915 1670 957 eidem

29 977 272 1033 collegium
298 991 503 1019 seorsum
530 978 785 1029 aedificare,
813 977 1018 1019 redditus
1047 983 1294 1031 separatos,
1321 975 1450 1016 initio
1478 988 1567 1030 ooo
1592 975 1671 1015 flo-

34 1051 263 1088 renorum,
291 1037 370 1079 sed
400 1036 528 1080 breui
558 1037 871 1092 duplicandos,
898 1043 946 1077 vt
975 1044 1125 1078 essent
1161 1036 1304 1085 1800,
1336 1034 1580 1085 offerendo,
1609 1033 1674 1073 vi-

33 1110 130 1139 sum
159 1103 227 1139 est
259 1096 383 1139 Patri
414 1104 570 1139 nostro
599 1096 800 1151 generali
830 1096 874 1137 id
904 1093 1001 1138 esse
1031 1094 1374 1143 admittendum
1407 1102 1449 1135 et
1479 1092 1538 1134 ita
1568 1091 1674 1134 scri-

35 1163 158 1211 ptum
187 1162 256 1199 est
281 1156 507 1198 Inferioris
530 1156 805 1199 Germaniae
828 1153 1210 1210 viceprouinciali,
1243 1161 1288 1194 vt
1316 1151 1557 1207 negocium
1589 1159 1674 1193 tra-

32 1221 192 1269 ctaret,
219 1222 266 1258 et
284 1229 387 1257 cum
413 1216 625 1270 episcopo
647 1215 733 1257 iam
758 1229 881 1269 sene,
909 1214 944 1256 si
970 1228 1039 1256 res
1057 1220 1255 1266 Vrgeret,
1282 1212 1567 1266 transigeret.

119 1284 191 1328 75.
260 1274 377 1317 Cum
401 1275 459 1317 D.
487 1274 757 1317 Franciscus
785 1275 1003 1317 Costerus
1031 1270 1420 1327 viceprouincialis
1446 1269 1674 1311 Inferioris

32 1333 304 1377 Germaniae
327 1334 580 1377 Louanium
607 1334 822 1384 venisset,
850 1339 1026 1388 praeter
1049 1331 1133 1374 alia
1156 1345 1271 1385 quae
1294 1330 1338 1371 in
1363 1330 1522 1373 melius
1544 1330 1674 1370 inno-

32 1392 170 1445 uauit,
199 1393 383 1435 nouitiis
408 1395 686 1448 praefectum
713 1392 852 1443 dedit,
878 1399 922 1434 vt
952 1390 1228 1446 probationis
1257 1390 1421 1431 domus
1445 1388 1522 1439 ibi,
1549 1388 1675 1429 iuxta

30 1453 222 1495 instituti
247 1453 389 1495 nostri
412 1452 650 1503 rationem,
676 1453 826 1495 fieret.

116 1513 187 1565 76.
256 1512 430 1567 Hispali
454 1512 496 1553 in
523 1511 676 1567 primis
699 1511 834 1554 huius
857 1510 964 1552 anni
986 1524 1065 1552 sex
1096 1508 1331 1551 mensibus
1362 1507 1556 1548 multum
1587 1505 1674 1560 spi-

31 1571 200 1614 ritualis
225 1572 399 1614 fructus
421 1571 565 1613 nostri
588 1578 904 1627 perceperunt:
931 1576 1110 1625 praeter
1133 1575 1308 1622 septem
1332 1566 1376 1607 in
1401 1566 1675 1609 Societatem

32 1631 263 1683 admissos,
299 1644 353 1685 30
381 1630 454 1673 alii
484 1639 529 1673 et
558 1630 767 1686 amplius,
798 1630 919 1685 quod
949 1643 1039 1670 non
1069 1627 1435 1678 admitterentur,
1472 1626 1528 1667 ad
1558 1624 1678 1666 varia

32 1690 304 1734 monasteria
326 1704 375 1732 se
398 1690 709 1742 contulerunt;
736 1690 893 1731 decem
917 1688 1050 1730 simul
1074 1702 1128 1730 ex
1152 1686 1309 1730 eadem
1328 1686 1473 1727 classe
1496 1684 1540 1725 in
1570 1697 1677 1737 quo-

32 1750 131 1792 dam
166 1750 257 1792 divi
291 1750 523 1792 Francisci
556 1749 832 1792 monasterio
865 1748 1035 1802 recepti
1069 1754 1191 1797 sunt3
1230 1752 1273 1788 et
1308 1744 1479 1799 gratias
1513 1744 1680 1798 agebat

34 1809 250 1865 magister
273 1809 551 1852 nouitiorum
571 1809 691 1864 quod
708 1810 763 1851 ad
781 1809 903 1863 ipsos
921 1807 1230 1849 adolescentes
1250 1812 1339 1846 tam
1360 1803 1590 1858 relligiose
1614 1802 1678 1842 in·

34 1869 216 1912 stitutos
239 1869 557 1912 destinassent.
586 1868 896 1911 Concionibus
925 1874 968 1910 et
999 1864 1394 1909 exhortationibus
1418 1870 1676 1904 nostrorum

33 1928 152 1971 dicto
174 1929 382 1972 semestri
411 1943 548 1983 supra
577 1940 656 1970 120
687 1927 909 1970 foeminae
932 1941 957 1968 a
980 1925 1100 1980 turpi
1125 1924 1242 1965 vitae
1266 1923 1497 1971 instituto,
1520 1922 1575 1962 ad
1599 1922 1677 1961 ho-

34 1996 210 2031 nestum
238 1989 280 2030 in
307 1987 595 2030 matrimonio
624 1988 693 2029 vel
723 1988 766 2029 in
797 1985 1072 2028 monasterio
1104 1996 1428 2026 conuersarum
1454 1981 1574 2023 vitae
1605 1994 1679 2034 ge-

37 2062 120 2089 nus
143 2049 381 2090 traductae
399 2057 520 2090 sunt.
544 2049 663 2090 Dum
689 2054 840 2089 autem
861 2045 1001 2087 nostri
1025 2042 1246 2098 supplicio
1265 2049 1466 2084 extremo
1486 2039 1681 2082 afficien-

36 2107 114 2149 dos
137 2107 318 2160 iuuant,
346 2122 443 2149 mos
466 2107 636 2150 ibidem
660 2105 870 2148 insolitus
894 2114 961 2146 est
988 2104 1218 2156 inductus,
1246 2109 1292 2143 vt
1317 2101 1426 2142 tales
1450 2099 1680 2142 sanctissi-

37 2180 133 2210 mae
158 2167 470 2210 Eucharistiae
492 2166 658 2208 viatico
680 2165 979 2208 munirentur.
1009 2164 1266 2206 Memoratu
1289 2160 1480 2215 dignum
1507 2159 1685 2201 videtur

38 2227 156 2280 quod
181 2227 363 2281 quidam
390 2241 445 2270 ex
469 2226 522 2268 iis
555 2226 630 2280 qui
662 2224 905 2280 collegium
936 2231 1138 2265 nostrum
1175 2220 1432 2275 hispalense
1466 2219 1681 2272 frequen-

38 2291 151 2337 tant,
178 2300 283 2328 cum
308 2287 443 2328 alium
469 2285 643 2328 videret
668 2285 712 2326 in
737 2285 929 2326 lustrum
954 2282 1104 2324 animo
1134 2278 1350 2335 peccandi
1380 2286 1581 2328 euntem,
1610 2291 1686 2331 per

41 2346 183 2389 Deum
225 2347 497 2389 hortabatur
536 2345 684 2400 ipsum
725 2359 781 2386 ne
820 2358 868 2386 se
913 2341 1137 2397 perditum
1174 2339 1280 2389 iret,
1315 2337 1387 2380 die
1423 2336 1684 2393 praesertim

40 2405 174 2458 festo;
217 2413 261 2448 et
300 2420 404 2448 cum
442 2406 554 2448 alter
593 2397 863 2458 indignans,
901 2402 1186 2457 apprehenso
1226 2397 1450 2453 pugione,
1482 2403 1686 2438 nostrum

39 2463 161 2507 illum
186 2465 513 2508 interfecturus
535 2464 881 2519 aggrederetur,
912 2462 949 2502 is
973 2474 1095 2515 genu
1119 2465 1310 2511 Vtroque
1344 2457 1476 2506 flexo,
1507 2455 1688 2516 palmis-—

41 2537 126 2577 que
149 2525 334 2575 iunctis,
366 2540 418 2567 ac
447 2524 593 2567 oculis
622 2523 668 2565 in
697 2523 877 2565 coelum
906 2519 1086 2569 leuatis,
1121 2531 1169 2559 se
1198 2516 1345 2571 ipsum
1377 2514 1586 2557 charitati
1617 2514 1691 2556 X.¹

35 2584 143 2638 Jesu
168 2585 378 2637 deuouit;
412 2592 457 2627 at
487 2584 601 2626 alter
632 2589 760 2624 tanto
798 2580 1006 2634 exemplo
1040 2583 1289 2633 permotus,
1324 2575 1520 2629 genibus
1554 2573 1687 2615 etiam

42 2642 134 2697 ipse
156 2643 299 2695 flexis,
332 2644 543 2687 modeste
571 2641 750 2684 veniam
783 2639 1050 2695 postulauit,
1082 2636 1272 2690 eiusque
1305 2648 1468 2676 manus
1496 2631 1689 2675 osculari

45 2703 200 2746 voluit.

130 2763 186 2815 76
211 2762 334 2819 [bisl.
400 2762 633 2805 Granatae
656 2760 840 2815 quidam
866 2772 921 2799 ex
959 2754 1127 2798 nostris
1160 2766 1213 2794 eo
1249 2759 1450 2807 tempore
1486 2764 1689 2792 maurum

44 2829 355 2876 aegrotantem
380 2821 553 2872 inuisit‚
585 2819 764 2862 comitis
798 2815 1033 2860 Tendillae
1067 2826 1270 2862 seruum,
1305 2825 1440 2866 quem
1471 2811 1526 2852 ad
1556 2809 1691 2852 fidem

44 2883 282 2932 conuertit,
318 2890 362 2923 et
391 2880 705 2924 cathechismo
734 2875 966 2928 instruxit,
1001 2873 1077 2928 qui
1108 2886 1212 2914 cum
1243 2871 1431 2912 instaret
1467 2878 1514 2911 vt
1547 2868 1692 2924 bapti-

46 2949 236 2992 zaretur,
264 2942 492 2984 affirmans
515 2955 564 2983 se
593 2953 683 2981 non
709 2937 838 2979 aliter
862 2934 1101 2977 sanitatem
1131 2938 1522 2985 recuperaturum,
1549 2927 1691 2983 bapti-

46 3008 170 3043 zatus
199 3008 284 3052 est3
310 3008 355 3044 et
379 3000 511 3042 simul
536 3007 672 3054 atque
696 2993 1057 3051 regenerationis
1081 3005 1199 3046 aqua
1224 2989 1407 3032 ablutus
1432 2996 1517 3041 est,
1547 2986 1691 3044 aegri-
