1891 3292
0 1661 1 1686 l

0 1710 1 1760 l

0 1765 2 1812 l

613 180 998 219 COMMENTARIOLA.
1008 185 1145 228 -1568
1575 186 1644 230 089

61 281 218 338 quauis
241 280 472 336 prouincia
495 282 768 326 Germaniae
792 284 847 325 ad
867 286 1196 329 absoluendum
1220 301 1297 330 eos
1321 287 1396 353 qui
1420 288 1690 331 ecclesiasti·

61 356 111 384 ca
138 340 450 383 iurisdictione
479 348 524 383 et
561 341 771 384 libertate
799 343 977 396 violata,
1011 345 1051 386 in
1088 346 1509 389 excommunionem
1544 349 1692 391 bullae

62 402 241 444 Coenae
264 399 444 442 Domini
468 399 748 448 incidissent
775 402 830 443 ad
854 403 1109 457 prouincias
1139 405 1313 447 Galliae
1336 406 1554 448 extendit.

147 470 218 514 29.
287 459 375 500 Eos
399 458 474 512 qui
505 458 547 500 in
578 459 824 502 Germania
854 463 989 504 rebus
1019 464 1336 506 ecclesiasticis
1370 465 1622 508 iudicandis
1645 480 1693 508 se

61 518 315 574 igesissent,
352 517 431 559 sed
461 517 610 559 animo
642 518 829 560 iuuandi
862 535 932 562 res
964 522 1197 574 ecclesiae,
1230 523 1333 577 quia
1367 524 1551 578 praelati
1574 527 1696 568 velse

63 591 152 619 non
175 584 360 631 possent
383 576 450 618 vel
476 590 566 618 non
590 583 803 620 v‘acarent
826 579 890 620 eis
914 581 1107 634 tuendis,
1134 589 1241 633 etc„
1273 583 1535 636 declarauit⁷
1564 586 1697 627 Patre

61 642 213 678 nostro
243 643 492 690 praesente,
524 650 613 677 non
643 636 879 679 incidere
871 653 915 680 m
945 641 1369 684 excommunionem
1403 617 1689 697 praedictam3

62 709 143 738 nec
171 695 424 750 praefectos
455 695 737 737 monasteriis
770 699 1091 740 monachorum
1128 714 1152 741 a
1182 700 1457 755 principibus
1484 703 1693 745 seculari-

62 756 161 805 bus,
188 761 235 794 vt
259 754 533 796 admoneant
563 755 751 797 abbates
784 755 828 795 in
864 757 998 799 rebus
1029 760 1365 824 temporalibus,
1400 767 1443 802 et
1478 761 1693 804 rationem

61 828 216 856 eorum
234 812 436 867 exigant,
464 813 721 855 tolerandos
745 814 871 880 dixit;
900 816 1063 858 nostris
1088 826 1235 859 tamen
1260 818 1435 874 iniungi
1463 821 1627 863 debere
1650 829 1696 862 vt

62 872 242 915 videant
265 886 373 914 num
391 872 527 926 aliqui
551 859 845 916 ecclesiastici
863 874 945 915 viri
964 876 1111 917 idonei
1131 877 1235 930 sint,
1258 877 1423 931 quibus
1440 878 1697 921 huiusmodi

61 946 165 974 cura
189 946 213 973 a
235 932 344 974 sede
366 931 611 985 apostolica
634 932 957 976 committatur.

66 1029 72 1038 ,
149 1003 218 1045 30.
285 990 371 1033 Die
395 1002 446 1033 21
475 991 581 1033 Maii
604 991 817 1033 inchoata
841 1000 908 1035 est
934 995 1102 1036 Romae
1122 995 1261 1048 prima
1279 996 1578 1051 congregatio
1595 1011 1694 1051 pro—

61 1049 281 1101 uincialis;
318 1057 362 1091 et
395 1051 542 1092 electo
576 1060 869 1104 procuratore
906 1054 978 1094 Re
1014 1054 1150 1095 Petro
1181 1031 1492 1106 Ηίῦειάθῃῠθίτει,
1519 1056 1574 1096 de
1597 1056 1694 1097 aliis

63 1110 194 1152 rebus
227 1108 322 1163 egit
356 1123 497 1163 vsque
531 1111 587 1151 ad
622 1110 830 1152 Vltimum
864 1111 982 1153 diem
1016 1113 1200 1164 mensis
1236 1128 1326 1168 quo
1359 1115 1563 1156 absoluta
1592 1115 1692 1167 fuit3

62 1182 176 1222 quae
215 1176 366 1211 autem
400 1169 460 1209 ibi
494 1176 624 1223 gesta
657 1177 778 1221 sunt,
813 1184 868 1212 ex
901 1170 1014 1212 actis
1048 1171 1309 1231 eonsta[n]t,
1347 1187 1463 1228 quae
1498 1188 1601 1227 ego,
1638 1175 1693 1216 ab

61 1228 215 1271 eadem
239 1227 510 1269 secretarius
534 1229 722 1280 electus,
750 1229 929 1283 collegi.

149 1299 220 1340 31.
286 1286 418 1329 Circa
441 1288 528 1328 hoc
553 1294 732 1342 tempus
755 1287 895 1331 lll.¹³‘¹us
919 1287 1064 1331 Car.lis
1087 1290 1328 1333 Farnesius
1357 1305 1412 1333 ex
1440 1305 1524 1334 suo
1552 1292 1695 1333 archi-

57 1345 322 1400 episcopatu
367 1346 562 1399 rediens,
606 1349 663 1388 ad
702 1348 850 1389 locum
877 1348 922 1388 in
960 1362 1050 1401 quo
1089 1350 1281 1391 ecclesia
1320 1358 1500 1393 nostrae
1538 1351 1698 1392 domus

61 1412 154 1448 erat
172 1405 449 1456 fabricanda,
486 1419 591 1447 cum
625 1407 873 1450 architecto
907 1421 989 1449 suo
1023 1415 1067 1450 et
1085 1409 1236 1449 multis
1256 1410 1450 1451 romanis
1482 1411 1620 1461 venit,
1653 1420 1695 1452 et

61 1478 192 1519 quam
230 1465 415 1506 formam
451 1472 604 1508 tenere
635 1466 826 1508 ecclesia
857 1466 1042 1508 deberet
1075 1481 1176 1509 cum
1214 1468 1280 1510 PF
1309 1477 1466 1510 nostro
1495 1470 1696 1523 generali

60 1523 223 1566 ibidem
247 1524 498 1575 constituit,
524 1532 569 1566 et
592 1525 778 1567 materia
803 1526 955 1580 templi
979 1527 1249 1581 comportari
1273 1535 1403 1582 cepta
1426 1528 1589 1570 exinde
1612 1537 1694 1570 est.

63 1583 239 1625 Primus
285 1590 436 1625 tamen
480 1584 593 1639 lapis
635 1599 660 1626 a
704 1584 920 1626 cardinali
959 1593 1217 1640 augustano
1255 1587 1523 1630 benedictus
1560 1596 1604 1629 et
1643 1588 1698 1629 ab

0 1645 1 1650 ’
60 1643 216 1685 eodem
255 1642 389 1684 simul
425 1656 527 1684 cum
567 1641 699 1686 Car.li
735 1645 950 1686 Farnesio
983 1645 1157 1699 positus
1190 1653 1258 1687 est
1293 1646 1349 1688 26
1380 1646 1512 1695 Iunii,
1547 1647 1699 1688 multis

62 1701 389 1757 praesentibus,
415 1709 507 1744 etc.

148 1773 218 1815 32.
286 1762 457 1804 Eodem
481 1769 684 1817 ternpore
709 1764 766 1805 D.
794 1763 1066 1805 Franciscus
1097 1763 1239 1805 Maria
1263 1764 1435 1819 Tarugi
1467 1779 1549 1806 nos
1572 1764 1695 1815 adiit,

60 1822 241 1863 nomine
263 1820 431 1863 ciuium
458 1820 625 1863 Montis
656 1822 883 1876 Pontiani,
917 1829 961 1865 et
990 1823 1153 1864 obtulit
1182 1824 1418 1865 ecclesiam
1451 1825 1496 1865 Β.
1531 1824 1697 1866 Mariae

0 1926 1 1929 Ἴ
60 1875 114 1922 ad
135 1881 182 1924 S.
218 1880 440 1932 Blasium‚
468 1881 713 1929 deuotione
743 1881 1038 1936 plurimorum
1073 1883 1338 1936 populorum
1372 1883 1694 1937 percelebrem

61 1953 191 1994 quam
216 1948 399 1981 centum
424 1939 620 1983 millibus
642 1941 913 1983 ducatorum
943 1940 1203 1983 fabricatam
1239 1942 1434 1993 dicebat,
1472 1949 1516 1983 et
1546 1943 1695 1984 reddi-

63 2006 132 2040 tus
159 1999 264 2041 inde
302 1998 600 2053 assignandos
628 2001 684 2042 ad
715 2012 770 2041 20
799 2015 854 2043 ex
892 2001 1058 2042 nostris
1089 2002 1292 2055 alendos,
1339 2011 1383 2042 et
1415 2002 1623 2055 quamuis
1654 2001 1697 2043 in

62 2058 416 2113 praesentiarum
440 2073 530 2100 non
563 2067 631 2102 est
664 2059 858 2101 admissa
886 2059 1071 2112 oblatio,
1100 2075 1188 2102 non
1222 2070 1290 2102 est
1313 2061 1377 2103 eis
1406 2075 1510 2116 spes
1542 2061 1696 2102 subla-

61 2124 119 2160 ta.
141 2117 317 2160 Deinde
340 2118 520 2173 legatus
545 2119 708 2161 missus
732 2126 800 2160 est
829 2119 885 2160 ad
913 2119 956 2160 id
985 2134 1040 2162 ex
1070 2135 1121 2162 ea
1151 2120 1359 2172 ciuitate;
1392 2120 1603 2174 idemque
1634 2135 1696 2162 re·

62 2176 176 2221 tulit.
706 2200 710 2201 ⁷

150 2249 220 2290 33.-
285 2237 402 2280 Cum
425 2237 741 2282 serenissimus
765 2252 839 2280 rex
867 2238 1174 2292 Portugalliae
1198 2238 1510 2292 Sebastianus,
1538 2253 1614 2304 per
1634 2238 1699 2279 lit-

64 2301 177 2337 teras
199 2295 290 2337 duo
313 2298 504 2353 collegia
528 2313 552 2340 a
578 2299 631 2341 P.
637 2314 652 2331 e
676 2305 831 2339 nostro
855 2297 1058 2352 generali
1081 2304 1268 2363 peteret,
1293 2298 1517 2341 alterum
1508 2312 1552 2339 in
1576 2298 1699 2339 insu-

63 2354 102 2396 la
125 2355 353 2408 Maderae,
387 2358 578 2400 alterum
608 2357 653 2398 in
678 2356 826 2398 insula
850 2356 1092 2411 praecipua
1122 2371 1177 2399 ex
1200 2356 1254 2398 iis
1278 2371 1393 2411 quae
1418 2357 1597 2399 Tertiae
1627 2371 1703 2398 vo—

64 2420 243 2465 cantur,
271 2429 360 2457 non
391 2424 498 2458 sunt
527 2415 712 2458 omnino
742 2416 959 2468 admissa,
986 2430 1070 2458 nec
1098 2416 1345 2471 denegata;
1373 2417 1451 2458 sed
1477 2418 1530 2458 D
1564 2416 1700 2458 Alua-

64 2486 158 2514 rum
181 2474 237 2515 de
259 2474 421 2517 Castro
444 2477 662 2542 legatum,
689 2475 732 2516 in
759 2489 951 2530 regnum
976 2474 1082 2516 illud
1109 2476 1373 2518 redeuntem
1395 2474 1492 2531 [sic]
1519 2488 1698 2529 respon

63 2545 160 2573 sum
190 2540 277 2585 est,
309 2535 533 2577 committi
563 2534 851 2590 prouinciali,
885 2542 932 2575 vt
962 2535 1111 2588 quoad
1139 2535 1236 2575 eius
1259 2534 1356 2576 fieri
1379 2541 1529 2600 posset
1548 2533 1699 2588 regiae

63 2567 280 2634 voluntati
305 2602 497 2660 parerem
526 2595 672 2637 eidem
695 2601 847 2636 tamen
877 2593 1094 2648 scriptum
1121 2593 1226 2646 fuit,
1254 2608 1309 2635 ne
1335 2594 1459 2648 prius
1483 2593 1696 2636 admitte-

65 2657 129 2692 ret
152 2665 284 2704 quam
309 2653 365 2695 de
387 2654 481 2696 suis
505 2653 676 2695 viribus
702 2655 753 2696 P.
780 2653 1052 2696 Generalem
1076 2653 1388 2696 admonerent.

152 2712 337 2763 341n
363 2711 563 2756 inferiori
586 2712 833 2756 Germania
856 2712 963 2753 abas
987 2711 1337 2764 aquicinctensis
1360 2725 1461 2752 cum
1486 2725 1570 2752 suo
1591 2725 1698 2752 con-

67 2776 221 2820 uentu,
247 2771 324 2824 qui
346 2779 604 2814 nostrorum
627 2786 762 2826 opera
786 2771 830 2812 in
854 2770 1162 2825 spiritualibus
1185 2770 1367 2812 adiutus
1389 2777 1502 2822 erat,
1529 2770 1585 2812 ad
1608 2771 1699 2811 col-

65 2825 230 2882 legium
256 2830 400 2872 Duaci
423 2831 752 2875 instituendum
783 2830 902 2871 mille
930 2830 1123 2871 florenos
1152 2829 1289 2871 annui
1320 2829 1522 2872 redditus
1544 2836 1587 2872 et
1612 2829 1695 2871 do-

66 2899 183 2928 mum
209 2888 303 2930 suis
325 2889 541 2945 impensis
570 2890 894 2933 aedificandam
924 2888 1108 2940 obtulit3
1135 2889 1214 2930 sed
1237 2888 1342 2942 quia
1370 2897 1550 2930 nostros
1573 2888 1699 2933 dida-

26 2975 32 2985 ,
67 2951 173 2999 etna,
198 2950 569 3004 praeceptoribus
591 2949 687 2991 dari
710 2949 855 2999 solita,
883 2947 1119 2989 admittere
1142 2948 1204 3003 (vt
1227 2948 1287 2989 illi
1311 2948 1443 2989 simul
1468 2961 1572 2989 cum
1597 2947 1698 2988 vni-

70 3004 281 3049 uersitate
320 3009 613 3063 expetebant)
651 3021 846 3062 aequum
886 3020 974 3047 non
1018 3014 1135 3060 erat,
1178 3020 1272 3048 non
1311 3006 1395 3048 fuit
1432 3006 1697 3049 admissum.

208 3081 361 3111 POLAch
383 3083 726 3112 COMPLEMENTA.—T.
747 3083 789 3110 Π.
850 3104 853 3106 .
1528 3084 1561 3110 44
