1891 3292
284 174 352 207 666
794 172 981 207 POLANCI
1007 180 1322 207 coMPLEMENTA

238 273 510 324 nunciando,
537 280 583 313 vt
606 279 764 314 mutuo
787 273 843 313 ad
865 272 1151 315 deuoti'onem
1181 272 1496 324 excitaremur3
1523 287 1612 314 non
1637 280 1783 317 tamen
1805 276 1857 319 de

238 331 516 374 scholasticis
548 346 596 373 se
628 331 673 372 id
704 331 872 373 sentire
903 331 1137 385 expressit,
1170 331 1250 373 sed
1277 331 1411 373 etiam
1442 345 1609 386 paucos
1638 332 1853 388 sufficere,

238 392 326 432 imo
358 401 402 431 et
434 391 564 439 duos,
599 390 674 444 qui
703 389 901 431 officium
936 390 1136 432 dicerent
1170 390 1317 440 simul,
1354 390 1418 432 eis
1451 390 1711 444 praesertim
1741 392 1875 440 horis,

239 450 402 503 quibus
432 449 624 503 populus
651 449 808 491 adesse
833 462 922 490 non
952 449 1080 490 solet.
1107 450 1222 491 Cum
1253 455 1401 491 autem
1429 450 1561 490 Pater
1585 450 1875 503 praepositus,

237 508 462 562 expectari
488 514 655 561 peteret
679 507 949 550 aeditionem
968 507 1075 548 noui
1097 507 1323 558 breuiarii,
1351 507 1518 561 placuit
1540 507 1585 548 id
1603 521 1731 549 sumo
1754 522 1856 562 pon-

236 567 359 609 tifici.

327 637 399 677 44.
466 626 581 666 Cum
612 638 776 678 magna
804 623 920 666 aeris
948 624 1229 679 intemperie,
1257 625 1425 666 Rornae
1455 623 1631 678 plurimi
1660 632 1858 678 aegrota-

239 692 337 727 rent
363 692 406 724 et
431 692 731 735 morerentur,
757 684 842 724 sub
865 682 1041 724 initium
1076 683 1295 735 autumni,
1320 691 1364 725 et
1386 684 1441 724 ad
1465 689 1633 737 pestem
1661 682 1858 726 videren-

241 750 313 783 tur
333 757 403 784 res
421 750 642 797 spectare,
664 749 706 784 et
731 742 984 784 miseranda
1005 742 1182 785 interim
1202 749 1319 784 esset
1337 742 1474 784 facies
1490 742 1612 795 vulgi
1632 755 1733 783 cum
1754 756 1856 784 rnor-

238 802 297 843 bo
320 802 451 843 simul
476 808 520 844 et
544 803 674 852 fame,
699 815 749 842 ac
774 815 921 843 rerum
940 800 1139 842 omnium
1159 800 1346 855 penuria
1363 799 1678 850 conflictantis,
1701 802 1858 854 praeei-

240 875 327 914 pue
356 874 510 902 versus
536 867 704 914 partem
736 859 871 902 Vrbis
894 873 1009 913 quae
1040 860 1239 914 Populus
1272 867 1477 911 vocatur3
1503 873 1697 912 cumque
1724 859 1779 901 de
1800 860 1861 908 eis

241 919 467 969 iuuandis,
489 926 579 961 tam
602 919 646 960 in
671 918 978 972 spiritualibus
999 933 1132 971 quam
1157 918 1200 959 in
1225 918 1546 973 temporalibus
1571 919 1620 959 Ρ.
1644 919 1858 972 praeposi-

241 985 313 1019 tus
342 978 578 1019 consilium
609 978 755 1030 iniret,
782 985 823 1018 et
852 992 1069 1031 pauperes
1098 984 1308 1031 aegrotos
1337 977 1600 1019 inuisendos
1629 984 1815 1029 curaret,
1837 993 1860 1020 a

241 1052 418 1078 summo
450 1037 662 1090 pontifice
692 1050 762 1077 res
790 1037 1105 1078 commendata
1128 1044 1194 1077 est
1223 1036 1453 1087 Societati‚
1484 1050 1587 1077 cum
1618 1048 1780 1089 magna
1800 1036 1855 1077 si—

241 1096 531 1161 gnificatione
548 1110 657 1138 suae
676 1095 868 1149 pietatis;
887 1103 930 1137 et
948 1109 1049 1136 cum
1068 1094 1432 1137 describerentur
1450 1093 1637 1149 aegroti,
1654 1101 1696 1136 et
1714 1093 1858 1160 singu—

240 1154 293 1196 lis
314 1155 422 1196 vicis
446 1154 626 1219 quidam
650 1169 703 1196 ex
728 1154 893 1195 nostris
917 1154 1283 1208 praeficerentur,
1311 1154 1387 1207 qui
1410 1167 1511 1195 cum
1542 1152 1743 1207 medicis,
1769 1153 1856 1195 sin-

240 1214 465 1268 gulorum,
491 1214 566 1267 qui
591 1214 704 1254 vltra
728 1212 846 1255 mille
870 1215 1068 1263 fuerunt,
1094 1226 1247 1253 curam
1271 1213 1488 1254 haberent
1507 1211 1598 1277 (alii
1616 1211 1749 1253 etiam
1772 1213 1858 1265 plu-

241 1272 339 1313 rimi
362 1287 416 1314 ex
445 1247 594 1322 domo,
621 1271 814 1326 collegio
844 1278 1012 1322 nostro,
1042 1278 1086 1312 et
1109 1271 1386 1325 germanico,
1412 1285 1463 1312 ac
1492 1270 1731 1312 seminario
1762 1271 1860 1325 ipsis

241 1331 439 1373 adiuncti
469 1339 590 1381 sunt,
623 1331 698 1385 qui
728 1338 817 1371 tam
848 1330 1117 1385 pertinentia
1146 1331 1201 1371 ad
1230 1330 1423 1371 animam
1455 1344 1589 1383 quam
1619 1329 1675 1370 ad
1704 1342 1860 1384 corpus

242 1392 548 1444 curaverunt),
581 1398 624 1432 et
654 1404 858 1430 summus
897 1389 1097 1443 pontifex
1133 1391 1373 1443 pharmaca
1408 1397 1452 1431 et
1487 1388 1700 1439 medicos,
1735 1396 1777 1429 et
1809 1389 1859 1430 ad

241 1449 409 1490 victum
441 1449 675 1503 pecuniam
707 1448 947 1491 liberaliter
978 1447 1223 1501 tribuisset,
1250 1447 1390 1489 nostri
1419 1447 1553 1489 etiarn
1583 1455 1859 1489 conseruato-

242 1522 311 1549 res
339 1508 535 1549 ciuitatis
565 1507 786 1559 adierunt,
812 1514 855 1549 et
879 1506 1066 1548 consilio
1089 1506 1216 1557 inito,
1243 1521 1395 1548 curam
1426 1514 1469 1549 et
1499 1506 1581 1560 ipsi
1624 1519 1859 1560 pauperum

243 1575 449 1620 egerunt,
481 1567 731 1608 necessaria
762 1566 979 1619 quaedam
1011 1566 1349 1620 prospicientes,
1380 1574 1424 1607 et
1455 1565 1672 1619 quosdam
1697 1564 1861 1607 nobiles

242 1639 344 1666 cum
374 1626 538 1666 nostris
561 1626 868 1680 designantes,
896 1625 970 1676 qui
1002 1640 1026 1665 a
1054 1625 1245 1679 collegio
1275 1624 1567 1666 cardinalium
1593 1631 1636 1666 et
1659 1639 1683 1665 a
1713 1622 1860 1664 nobili-

242 1685 326 1725 bus
357 1692 400 1725 et
429 1684 606 1726 ciuibus
636 1684 818 1737 reliquis
848 1684 1165 1726 eleemosinam
1198 1691 1417 1737 peterent;
1453 1691 1496 1725 et
1526 1697 1628 1724 cum
1658 1681 1862 1723 ministris

244 1743 444 1796 plurimis
477 1759 531 1785 ex
566 1743 697 1784 dictis
731 1742 948 1797 collegiis,
985 1743 1241 1785 sacerdotes
1273 1743 1378 1792 duo,
1411 1743 1523 1783 alter
1556 1740 1860 1796 corporalium,

241 1802 354 1843 alter
378 1802 674 1856 spiritualium
699 1816 846 1843 rerum
872 1802 1126 1856 praefectus
1156 1802 1555 1852 constituerentur,
1581 1800 1799 1849 ordinate,
1821 1806 1861 1842 et

242 1874 343 1902 cum
368 1876 535 1915 magna
559 1861 871 1903 aedificatione
896 1875 966 1903 res
990 1867 1214 1901 transacta
1239 1868 1321 1908 est,
1368 1867 1412 1901 et
1436 1859 1676 1901 multitudo
1706 1872 1861 1900 conua-

242 1920 322 1960 luit
346 1934 436 1961 non
462 1920 650 1969 modica,
678 1927 721 1960 et
745 1920 812 1960 vis
835 1919 976 1960 morbi
1006 1920 1182 1961 tandem
1206 1918 1417 1969 cessauit,
1438 1933 1522 1961 nec
1538 1918 1610 1959 vlli
1634 1932 1689 1960 ex
1707 1916 1861 1959 nostris

242 1993 295 2020 ex
322 1979 395 2019 tali
422 1979 655 2021 ministerii
680 1978 796 2034 [sic]
823 1978 925 2019 mali
950 1978 1190 2031 quicquam
1215 1978 1436 2032 prouenit.

329 2048 401 2090 45.
470 2038 551 2079 Die
585 2036 833 2078 natiuitatis
871 2038 920 2079 Β.
956 2036 1158 2091 Virginis
1196 2036 1329 2078 trium
1360 2044 1567 2078 votorum
1604 2036 1655 2077 P.
1682 2034 1861 2076 Fuluius

243 2097 483 2147 Cardulus,
515 2096 721 2149 sequenti
751 2110 856 2137 vero
886 2096 957 2137 die
996 2097 1043 2138 S.
1078 2095 1266 2146 Mathei,
1313 2102 1493 2148 quattor
1537 2101 1740 2135 votorum
1771 2107 1860 2148 pro-

245 2130 483 2197 fessioneni
513 2155 757 2197 emiserunt
787 2157 833 2197 P.
865 2157 1024 2196 Petrus
1060 2157 1212 2205 Parra,
1243 2130 1291 2196 P.
1320 2155 1537 2196 Alfonsus
1563 2155 1702 2208 Ruyz,
1731 2154 1778 2194 P.
1803 2153 1861 2193 Ι3-

243 2214 384 2255 cobus
411 2216 526 2255 Paez
550 2228 601 2255 ac
628 2215 677 2256 P.
705 2215 894 2256 loannes
920 2213 1122 2278 Baptista
1147 2215 1389 2265 Peruscus,
1415 2213 1460 2254 in
1484 2211 1691 2253 manibus
1716 2212 1766 2253 P.
1792 2224 1860 2252 no-

244 2272 322 2313 stri
344 2273 599 2327 praepositi3
626 2280 668 2314 et
693 2279 807 2327 post,
834 2272 877 2313 hi
902 2272 1101 2326 quinque
1123 2272 1340 2326 simplicia
1357 2280 1460 2313 vota
1482 2271 1728 2313 emiserunt
1749 2270 1889 2310 iuxta

246 2331 608 2373 constitutiones.
1888 2369 1889 2380 ,

333 2391 417 2432 Die
442 2403 491 2432 21
519 2390 685 2432 mensis
708 2390 803 2431 Iulii
830 2391 880 2431 P.
912 2391 1073 2431 Petrus
1098 2391 1327 2432 Domenec
1352 2390 1682 2442 Cesaragustae
1699 2399 1726 2440 4
1747 2393 1860 2428 voto-

246 2463 360 2501 rum,
387 2449 430 2490 in
455 2450 663 2491 manibus
687 2450 736 2490 P.
771 2449 946 2490 Alfonsi
973 2450 1143 2490 Roman
1168 2448 1469 2503 prouincialis,
1494 2448 1716 2490 emiserat.
1743 2445 1890 2510 Die5

246 2508 350 2549 Maii
372 2508 654 2561 praecedenti
676 2509 726 2550 Ρ.
750 2508 931 2550 Manuel
952 2509 1101 2561 Lopez
1126 2507 1407 2550 Bracharae
1397 2522 1441 2547 1n
1460 2506 1667 2547 manibus
1687 2507 1736 2547 P.
1759 2505 1860 2546 Leo-

244 2568 313 2607 nis
347 2568 612 2620 Enrrique23
649 2567 721 2608 die
759 2578 826 2619 24
853 2566 1083 2607 Februarii
1126 2568 1175 2607 P
1219 2566 1528 2608 Ferdinandus
1566 2566 1760 2607 Aluarez
1795 2561 1891 2603 deli

246 2616 413 2679 Ᾱξ11113
440 2625 701 2668 Palentiae
692 2640 735 2666 1n
759 2626 966 2666 manibus
992 2625 1041 2667 P.
1064 2625 1213 2666 Iacobi
1236 2625 1425 2667 Carrillo
1451 2623 1749 2679 prouincialis
1770 2634 1859 2685 pro-

245 2661 484 2727 sessionem
516 2697 543 2737 4
571 2692 778 2726 votorum
807 2683 1068 2737 emiserunt;
1103 2684 1235 2724 trium
1266 2697 1372 2725 vero
1404 2685 1660 2736 Metymnae
1691 2677 1855 2733 Campi,

249 2745 298 2785 Ρ.
327 2744 531 2795 Castillo,
558 2743 601 2784 in
626 2743 827 2786 eiusdem
851 2742 1073 2796 manibus,
1101 2752 1154 2795 25
1180 2742 1340 2785 Martii.

333 2803 405 2854 46
473 2801 640 2844 Habita
669 2801 1026 2856 congregatione
1055 2817 1079 2843 a
1110 2803 1244 2843 Patre
1273 2808 1425 2842 nostro
1448 2799 1664 2853 generali,
1697 2795 1858 2839 consti-

249 2867 392 2902 tutum
412 2868 496 2908 est
523 2875 612 2902 non
635 2860 824 2901 sublatis
847 2860 1077 2914 operariis,
1098 2859 1173 2913 qui
1197 2860 1241 2900 in
1266 2860 1348 2911 his,
1375 2867 1419 2902 et
1445 2832 1860 2920 septentrionalibus

247 2920 355 2961 locis
372 2909 522 2961 essent
541 2919 798 2969 necessarii,
824 2918 1066 2961 mittendos
1089 2932 1188 2960 esse
1212 2919 1256 2959 in
1283 2894 1465 2968 Indiam,
1488 2918 1543 2958 ad
1560 2916 1704 2958 varias
1723 2912 1859 2968 regio-

248 2992 342 3029 nes,
370 2978 609 3021 Societatis
632 2978 877 3033 operarios3
903 2984 947 3019 et
976 2992 1054 3032 pro
1081 2977 1260 3019 Florida
1290 2990 1341 3018 ac
1370 2976 1479 3018 locis
1502 2975 1651 3017 Indiae
1680 2974 1772 3032 regi
1794 2984 1858 3013 ca·
1888 2986 1889 2990 ¹
