1891 3292
563 219 705 252 EpisT.
730 217 883 262 231.—5
905 218 1021 264 JUNII
1052 228 1138 263 1575
1537 225 1606 268 345

28 327 93 368 tro
114 321 336 374 ordinare,
361 321 543 375 quando
566 326 728 373 questo
750 317 815 359 sia
839 318 866 358 il
892 334 1020 373 parer
1043 321 1115 363 del
1139 322 1428 376 prouinciale‚
1451 331 1590 366 rettor
1613 332 1658 366 et

27 398 286 446 consultori.
320 399 368 439 In
392 403 553 450 questo
577 409 703 437 mezo
726 409 774 437 se
804 395 862 436 mi
895 397 1049 450 parerz't
1085 411 1189 440 cosa
1219 399 1355 440 molto
1384 400 1653 450 necessaria,

28 481 70 522 lo
92 477 184 519 faro
206 474 424 529 esseguir,
449 473 624 516 benche
651 486 740 513 non
765 472 929 514 habbia
954 474 1013 514 tal
1039 475 1203 517 facolta
1226 490 1447 530 espressa,
1475 492 1552 531 per
1576 492 1653 532 pa-

30 553 156 599 rermi
179 553 214 594 si
239 551 326 606 puo
349 551 505 594 inferii·
523 551 580 592 da
603 550 752 604 quella
771 551 956 604 general
976 551 1137 592 facolta
1164 567 1241 606 per
1263 554 1303 594 le
1326 567 1429 595 cose
1453 568 1659 596 necessa-

31 632 89 676 rie
109 632 148 673 al
172 629 262 671 mio
289 628 454 678 officio,
476 629 562 670 che
584 627 621 668 si
645 626 855 668 contiene
879 627 996 668 nella
1021 636 1201 681 patente
1226 628 1257 670 ².

114 721 153 762 3.
219 704 517 759 Gl'essercitii
549 703 771 758 spirituali
802 718 891 744 non
922 704 981 744 mi
1011 719 1116 758 pare
1146 706 1316 748 hauerli
1342 707 1599 749 domandati
1626 707 1656 749 ³:

31 785 124 829 sara
144 783 249 826 forsi
273 782 301 823 il
327 783 472 824 Padre
491 781 783 836 prouinciale.
808 781 931 823 Bene
955 780 977 823 e
1003 796 1126 832 uero,
1148 784 1232 825 che
1257 783 1403 826 uorrei
1429 784 1524 825 farli
1550 785 1660 825 mol-

32 871 73 905 to
95 860 296 904 familiari
320 860 394 901 alli
416 858 577 910 nostri3
605 866 649 901 et
673 858 767 900 cosi
791 859 819 898 li
845 860 1147 900 raccomando
1179 860 1266 902 che
1289 860 1325 900 si
1350 860 1483 902 diano
1509 876 1532 902 a
1558 861 1660 902 tutti

32 939 159 996 quelli
182 940 264 979 che
288 952 377 979 non
402 938 559 991 gl'han
586 935 700 985 fatti,
727 943 772 978 et
800 935 837 977 si
868 935 890 978 ὲ
918 936 1190 977 cominciato
1222 951 1247 977 a
1277 939 1450 978 metter'
1475 937 1519 978 in
1546 952 1662 980 esse-

34 1017 223 1060 cunone.

116 1105 156 1146 4.
223 1092 355 1134 Circa
381 1092 420 1133 la
444 1091 656 1146 dispensa
680 1090 723 1131 di
754 1090 946 1132 Nicolao
976 1091 1192 1132 d'Amaro
1222 1091 1258 1131 si
1289 1091 1382 1133 fara
1407 1092 1554 1145 quello
1578 1093 1660 1133 che

35 1171 87 1216 V.
114 1172 163 1214 P.
188 1169 336 1211 scriue
360 1169 394 1212 ⁴.
421 1170 598 1223 Questo
623 1167 645 1209 e
671 1183 731 1209 un
756 1169 879 1209 buon
904 1174 1136 1222 soggetto:
1166 1168 1187 1209 ὲ
1218 1175 1311 1209 atto
1342 1183 1365 1208 a
1396 1169 1533 1208 molte
1559 1181 1663 1209 cose

35 1247 249 1302 (massime
272 1246 448 1303 agibili)
472 1254 517 1289 et
539 1246 583 1287 di
611 1245 895 1287 confidanza.

65 1358 67 1362 .
118 1336 156 1378 5.
222 1325 351 1367 Nella
375 1338 480 1366 cosa
503 1324 573 1365 del
604 1325 651 1365 P.
679 1323 824 1366 Sardo
847 1323 883 1363 si
907 1322 1088 1377 seguira
1114 1322 1305 1365 l'ordine
1329 1324 1411 1364 che
1434 1323 1546 1364 altre
1573 1321 1659 1363 uol-

38 1411 78 1446 te
100 1404 143 1444 fu
161 1402 267 1443 dato
285 1402 324 1442 al
348 1402 493 1443 Padre
518 1396 807 1455 prouinciale‚
827 1409 871 1442 et
890 1399 925 1441 si
951 1401 1102 1442 leuera
1120 1399 1163 1440 di
1183 1400 1316 1453 quell⁷
1336 1399 1498 1449 officio,
1522 1398 1665 1439 accio-

37 1480 116 1524 che
147 1494 277 1534 possa
306 1480 511 1521 attender
541 1479 625 1520 alle
656 1492 762 1520 cose
796 1478 972 1532 proprie
1006 1478 1077 1519 del
1111 1485 1266 1518 nostro
1300 1476 1505 1517 instituto
1530 1475 1565 1515 ⁵.
1603 1476 1665 1518 Le

38 1559 189 1600 lettere
212 1571 289 1612 per
314 1555 639 1599 l'arciuescouo
663 1555 708 1596 di
732 1555 962 1597 Monreale
985 1568 1071 1596 000
1101 1554 1278 1595 l'officio
1308 1554 1376 1595 del
1408 1553 1537 1606 quale
1561 1551 1664 1593 scri-

41 1648 94 1677 ue
112 1634 141 1675 il
166 1636 214 1675 P.
239 1632 506 1688 Posseuino,
532 1633 567 1674 si
589 1632 886 1674 raccomanda
904 1647 983 1686 per
1007 1632 1165 1674 lettere
1184 1630 1325 1685 hoggi
1346 1631 1384 1671 31
1405 1629 1605 1684 superior
1624 1629 1665 1669 di

42 1712 281 1754 Monreale.

105 1842 118 1861 ²
167 1841 392 1888 Respondet
411 1843 676 1877 Mercurianus
702 1841 740 1875 id
758 1840 859 1887 quod
885 1841 1005 1874 habes
1034 1839 1073 1874 in
1106 1839 1219 1884 epist.
1253 1847 1337 1882 222,
1370 1842 1499 1872 annot.
1536 1845 1569 1875 2,
1601 1836 1672 1869 sub

39 1899 162 1944 finemg
181 1906 220 1934 et
238 1900 355 1935 addit:
377 1902 559 1946 «Quanto
584 1902 618 1936 al
634 1907 743 1946 poter
764 1906 911 1934 mutare
932 1911 1006 1934 una
1031 1900 1147 1940 scala,
1169 1905 1207 1932 et
1237 1899 1333 1931 altre
1361 1896 1476 1930 simili
1504 1900 1669 1937 cosette‚

42 1970 114 1994 non
131 1961 211 1994 solo
230 1960 254 1994 il
274 1960 524 2005 prouinciale,
548 1972 607 1994 ma
626 1961 664 1994 in
679 1944 844 2004 bisogno
863 1958 963 1993 forte
978 1969 1073 1993 anco
1093 1958 1116 1991 il
1138 1963 1281 1990 rettore
1301 1955 1489 2000 potrebbe
1513 1954 1620 1990 farlo:
1642 1953 1673 1986 si

42 2019 109 2054 che
126 2019 163 2054 di
181 2026 318 2066 queste
345 2019 604 2054 minutissime
624 2031 699 2054 non
718 2030 873 2053 occorre
891 2019 963 2052 che
985 2018 1032 2051 V.
1054 2018 1100 2051 R.
1128 2016 1253 2051 dubiti
1273 2015 1311 2049 di
1332 2017 1474 2049 hauere
1498 2015 1531 2048 la
1559 2013 1674 2047 facol-

43 2077 114 2114 ta.»
135 2079 321 2114 Polaneus
353 2086 482 2114 tamen
501 2079 710 2121 dubitarat,
739 2078 1027 2112 modestissime
1047 2076 1214 2121 fungens
1234 2075 1445 2109 commissa
1468 2078 1671 2119 potestate,
1693 2090 1698 2094 ·

43 2149 153 2184 quum
173 2147 214 2182 25
233 2139 342 2173 annis
362 2139 459 2173 adeo
477 2139 579 2184 apud
599 2142 743 2184 primos
760 2138 1023 2172 moderatores
1048 2137 1251 2180 generales
1273 2134 1480 2175 valuisset,
1507 2132 1675 2166 Societa-

43 2203 192 2240 temque
211 2198 446 2241 universam⁷
469 2199 636 2233 vicarius
654 2197 864 2242 generalis,
887 2195 1175 2241 sapientissime
1195 2193 1469 2238 gubernasset!

109 2255 122 2275 ³
169 2256 212 2291 In
231 2258 393 2302 epistola
412 2258 475 2292 cui
494 2259 589 2291 11360
608 2256 818 2302 respondet
847 2255 951 2298 (vide
977 2266 1103 2299 supra,
1132 2254 1215 2297 226,
1243 2258 1372 2287 annot.
1410 2254 1443 2295 1)
1474 2249 1663 2284 Mercuria

44 2326 112 2350 nus
130 2316 316 2360 promittit
334 2317 453 2351 libros
473 2317 757 2351 Exercitiorum
777 2316 934 2361 petitos.
952 2314 1013 2349 Cf.
1035 2325 1128 2347 vero
1148 2313 1259 2357 infra,
1282 2312 1395 2357 epist.
1414 2309 1494 2353 238,
1520 2322 1556 2344 n.
1580 2319 1615 2351 4.

111 2375 126 2394 4
174 2374 234 2412 Cf.
255 2376 370 2421 epist.
391 2385 474 2419 225,
496 2382 631 2410 annot.
661 2375 694 2412 3.

113 2433 126 2452 ⁵
174 2434 390 2480 Scripserat
420 2434 610 2469 Polancus
646 2435 689 2470 Ρ,
723 2435 884 2476 Palmio,
913 2434 1102 2467 Panormo
1122 2432 1184 2466 die
1217 2439 1258 2465 Io
1287 2429 1445 2475 Aprilis,
1477 2429 1578 2462 hunc
1603 2426 1678 2459 Pa—

49 2498 142 2528 trem
160 2494 318 2529 nimium
337 2495 514 2539 occupari
543 2494 761 2529 ministerio
786 2492 991 2538 temporali
1025 2490 1257 2536 inspiciendi
1282 2487 1590 2523 aedificationem
1617 2496 1682 2519 cu-

45 2550 191 2596 J‘usdam
210 2555 434 2589 monasterii
453 2555 491 2589 in
510 2566 586 2600 quo
605 2554 689 2599 ejus
710 2565 805 2588 uxor
825 2559 863 2587 et
880 2552 959 2587 filia
979 2552 1191 2596 degebant.
1212 2551 1341 2594 Epist.
1362 2547 1541 2588 Polancz',
1565 2558 1601 2579 n.
1622 2543 1681 2585 83,

51 2611 149 2656 prius
168 2611 248 2649 233.
267 2614 367 2648 Turn
393 2615 476 2659 ipse
500 2613 645 2648 Sardus
669 2613 831 2658 cupiens
860 2623 904 2646 ea
931 2623 1022 2645 cura
1049 2610 1225 2650 liberari,
1247 2609 1407 2643 Romam
1428 2604 1595 2640 adeundi
1613 2615 1681 2638 co-

51 2670 145 2715 piam
164 2672 235 2706 sibi
254 2672 337 2707 fieri
356 2685 377 2707 a
398 2673 636 2708 Mercuriano
661 2672 886 2717 postulavit,
909 2676 951 2706 ut
970 2671 1030 2704 1110
1064 2675 1242 2712 testatur,
1264 2667 1426 2714 gratiam
1447 2663 1680 2705 concedens,

51 2728 88 2764 in
112 2731 272 2775 epistola
295 2732 342 2766 ad
360 2733 588 2766 Domenech
619 2731 708 2766 data
738 2740 779 2774 14
804 2730 907 2776 Maji.
931 2730 1011 2764 Sic.
1038 2737 1074 2771 I,
1094 2728 1163 2762 fol.
1192 2727 1277 2761 32v.
1302 2725 1465 2760 Videtur
1484 2729 1614 2758 autem
1635 2722 1682 2756 ad

53 2788 119 2823 hoe
135 2790 206 2824 iter
220 2790 353 2826 referri
371 2791 516 2826 debere
535 2791 574 2825 id
592 2790 695 2837 quod
714 2790 849 2824 scribit
869 2789 910 2824 P.
933 2788 1167 2830 Carminata‚
1190 2792 1316 2820 rector
1339 2782 1613 2825 messanensis,
1637 2780 1685 2814 ad

53 2846 267 2894 Polaticum,
291 2858 328 2885 11
362 2850 452 2896 Maji
474 2851 576 2895 1576:
610 2851 652 2886 P.
683 2850 897 2884 Antonium
918 2847 1079 2883 Sardum
1115 2857 1202 2880 esse
1231 2846 1269 2879 in
1289 2843 1501 2890 procinctu3
1528 2841 1685 2876 difficile

54 2908 213 2943 obtineri
231 2911 439 2956 navigandi
458 2910 683 2945 facultatem
711 2921 802 2955 «per
829 2912 1097 2943 mancamento
1116 2905 1153 2940 di
1175 2904 1393 2951 passagio»,
1416 2908 1455 2936 et
1472 2902 1636 2936 multum
1664 2911 1684 2933 a

54 2966 200 3003 civibus
218 2970 396 3015 impediri
421 2970 505 3015 ejus
524 2971 756 3004 absentiam.
779 2967 870 3002 Ital.
898 2976 972 3010 151,
992 2966 1034 3001 ff.
1054 2966 1115 3010 89,
1130 2975 1188 3009 9ος
1210 2963 1313 3010 prius
1333 2962 1392 3005 80,
1413 2961 1471 2996 81:
1492 2960 1542 2995 cf.
1564 2960 1677 3005 epist.

59 3026 135 3070 246,
153 3029 222 3063 ult.
242 3030 536 3075 paragraphum.
