1891 3292
643 182 780 218 EPIST.
810 183 1146 228 284-1575-1576
1581 182 1648 226 553

158 290 244 331 Per
272 286 445 328 rieeuer
468 285 508 328 le
532 283 737 327 limosine
762 299 838 340 per
867 286 1002 340 quelli
1027 288 1110 328 che
1134 286 1167 328 si
1194 287 1555 329 raeeoinandano
1579 285 1693 329 nelle

68 364 278 423 prediehe
302 370 346 407 et
364 362 473 405 altre
496 376 633 416 opere
657 360 744 416 pie,
771 360 807 402 si
834 361 946 402 ueda
970 360 1013 402 di
1040 362 1131 403 fare
1154 362 1316 404 alcuna
1335 360 1693 417 congregatione

67 443 110 487 di
140 456 178 498 3,
208 457 235 485 o
264 455 304 496 4,
330 456 356 483 o
380 440 457 497 piu
486 440 637 483 buone
666 453 873 494 persone,
907 438 1027 493 quali
1057 439 1305 482 intendano
1335 439 1364 481 li
1387 438 1565 494 bisogni
1597 446 1640 481 et
1665 437 1693 478 li

65 518 337 563 referiscano
360 518 401 560 al
425 523 610 568 rettore‚
637 523 680 559 et
705 530 807 559 esso
835 517 926 558 fara
951 517 1299 560 raccomandare
1327 516 1462 572 quelli
1485 517 1569 558 che
1593 515 1692 571 giu-

65 596 247 641 diehera
287 595 552 651 espediente
580 593 617 636 si
654 593 1021 647 raeeomandino;
1053 601 1093 635 et
1127 594 1195 637 6ἰὸ
1225 595 1307 636 6116
1338 593 1581 646 51163116Γ3,
1617 606 1694 647 per

67 689 197 717 mano
225 673 270 715 di
300 671 435 728 quelli
471 671 546 715 tali
584 671 650 713 sia
683 669 955 723 distribuito,
991 677 1034 712 et
1065 685 1154 712 non
1188 670 1367 714 entrino
1400 670 1427 711 li
1461 669 1616 712 denari
1646 669 1691 712 in

66 766 197 795 mano
213 750 257 793 di
276 749 432 794 nostri.

149 830 417 872 Aduertano
435 827 464 870 li
484 825 749 879 confessori,
770 831 895 867 tanto
913 824 985 868 dei
1007 825 1102 868 sani
1127 833 1297 879 quanto
1321 824 1690 881 degl’ammalati,

62 907 107 951 di
130 921 220 949 non
244 920 494 962 proponere
516 904 556 947 ai
580 903 677 947 suoi
703 901 919 958 penitenti
945 903 1029 945 6116
1054 902 1227 945 13661110
1252 902 1391 959 legati
1413 903 1452 945 al
1478 902 1688 957 collegio,

61 999 197 1029 senza
221 985 361 1026 hauer
388 989 570 1025 trattato
594 982 634 1023 la
658 995 764 1023 cosa
787 980 853 1022 60]
880 979 1128 1035 superiore,
1155 995 1202 1023 se
1226 980 1300 1035 gia
1318 995 1418 1023 esso
1441 979 1688 1035 superiore,

63 1061 282 1106 fidandosi
304 1061 422 1104 della
451 1059 744 1103 diserettione
768 1057 812 1100 di
842 1058 1085 1112 qualcuno,
1112 1071 1202 1098 non
1227 1057 1485 1113 gl'hauesse
1516 1071 1593 1112 per
1622 1056 1692 1099 cio

61 1140 165 1183 dato
187 1138 372 1195 general
395 1137 728 1180 commissione.
757 1137 811 1178 Et
836 1141 1007 1189 quanto
1031 1134 1069 1176 al
1095 1149 1184 1176 non
1208 1133 1339 1176 indur
1364 1148 1562 1177 nessuno
1580 1148 1605 1175 a
1628 1134 1692 1176 far

60 1217 197 1274 legati
220 1232 247 1260 0
271 1215 494 1268 limosine,
520 1213 721 1270 guardisi
746 1214 788 1256 la
812 1211 1154 1255 constitutione.
1186 1212 1239 1253 Et
1263 1211 1291 1252 il
1316 1210 1560 1254 medesimo
1583 1210 1687 1253 s'in—

60 1294 193 1339 tende
216 1293 260 1336 di
283 1293 437 1348 quelli,
463 1293 550 1336 che
573 1291 609 1334 si
633 1290 934 1347 sepelliscono
957 1289 1000 1330 in
1026 1288 1181 1332 chiesa
1204 1294 1374 1330 nostra.

147 1373 252 1416 Non
270 1348 443 1428 piglini)
462 1370 474 1412 i
493 1369 632 1413 nostri
651 1369 721 1412 dai
741 1368 835 1410 loro
860 1366 1033 1423 parenti
1052 1374 1227 1409 sottana
1251 1381 1277 1408 o
1295 1366 1407 1407 altra
1434 1371 1557 1407 ueste
1581 1366 1690 1406 satta

59 1458 137 1500 per
169 1459 250 1487 vso
283 1444 392 1496 loro,
431 1457 509 1499 per
541 1443 667 1486 leuar
700 1441 1082 1488 l’inconueniente
1106 1444 1162 1487 de
1196 1442 1329 1499 panni
1362 1442 1454 1494 fini,
1487 1455 1582 1485 666.
1617 1443 1690 1484 Μ3

57 1521 238 1577 quando
261 1523 418 1578 parera
440 1522 480 1563 al
505 1528 688 1576 rettore‚
714 1522 750 1565 si
774 1524 902 1578 potra
927 1520 1086 1578 pigliar
1104 1522 1145 1563 la
1168 1519 1411 1565 elemosina
1430 1534 1507 1576 per
1530 1533 1688 1575 proue-

55 1598 183 1651 derli,
210 1613 338 1643 corne
363 1597 517 1654 parera
543 1613 566 1641 a
590 1613 692 1642 esso
717 1607 897 1643 rettore.

144 1675 359 1721 Moderisi
391 1676 566 1720 l’andar
588 1676 656 1720 de’
682 1676 825 1720 nostri
848 1691 1006 1733 spesso
1031 1691 1055 1718 a
1085 1674 1317 1731 mangiare
1340 1688 1423 1716 con
1452 1672 1687 1725 forestieri,

55 1769 145 1798 non
170 1754 207 1797 si
230 1754 525 1798 concedendo
548 1768 597 1797 se
621 1768 712 1797 non
736 1768 824 1796 con
849 1768 1068 1810 speranza
1091 1753 1135 1794 di
1156 1753 1313 1804 fruttO,
1334 1766 1360 1793 o
1381 1765 1488 1794 uero
1507 1750 1688 1805 quando

55 1832 359 1875 buonamente
384 1846 473 1874 non
498 1831 533 1874 si
559 1831 648 1888 puo
672 1845 860 1887 negare.

144 1909 196 1953 Li
219 1909 469 1953 saerestani
492 1915 537 1953 et
559 1910 705 1952 aneho
729 1907 894 1964 gl'altri
921 1907 1081 1950 fratelli
1105 1905 1326 1949 eoaiutori
1350 1920 1439 1947 non
1467 1905 1641 1948 uadano
1664 1920 1689 1947 a

54 2001 158 2030 case
187 1986 230 2030 di
254 1987 406 2031 donne
430 2001 510 2043 per
533 1993 668 2029 conto
691 1986 806 2028 della
836 1984 1069 2036 saerestia,
1096 1998 1143 2026 se
1173 1983 1201 2025 il
1232 1990 1399 2027 rettore
1430 1981 1688 2038 particolar-

56 2072 205 2109 mente
223 2079 313 2107 non
331 2064 463 2108 desse
479 2064 668 2119 lieenza,
694 2063 916 2106 cessando
939 2061 1047 2118 ogni
1072 2060 1443 2112 inconueniente,
1465 2067 1509 2102 et
1527 2058 1685 2103 all'ho-

54 2157 100 2186 ra
123 2143 241 2186 uada
264 2157 350 2185 con
373 2156 645 2198 compagno.

141 2219 189 2264 Si
218 2219 445 2276 guardino
469 2220 586 2264 della
616 2216 778 2275 troppo
801 2219 941 2262 libera
970 2216 1318 2261 conuersatione
1342 2230 1425 2258 eon
1453 2215 1686 2268 forestieri,

54 2304 98 2342 et
126 2297 449 2354 specialrnente
478 2298 731 2340 aduertano
760 2297 804 2339 di
836 2312 925 2338 non
954 2295 1264 2338 communicas
1295 2296 1387 2337 loro
1418 2295 1457 2337 le
1487 2309 1592 2337 cose
1616 2294 1692 2350 delv

52 2374 296 2431 colleggio,
323 2382 622 2430 quantunque
646 2374 744 2417 sian
768 2374 922 2418 deuoti
947 2389 972 2416 0
999 2373 1220 2426 familiari;
1250 2373 1304 2415 ne
1328 2372 1362 2414 si
1388 2372 1562 2414 saccino
1581 2386 1686 2413 6011-

54 2452 290 2508 ternptibili
314 2466 402 2495 con
428 2453 487 2494 tal
512 2451 782 2507 familiarita,
811 2451 977 2507 perche
1002 2452 1230 2507 perdendo
1254 2450 1279 2491 il
1308 2456 1510 2504 respecto
1528 2448 1540 2489 i
1558 2462 1683 2490 seco—

53 2529 148 2583 lari,
174 2537 218 2573 et
241 2529 502 2582 deuotione,
530 2544 619 2572 non
650 2529 686 2572 si
716 2529 986 2573 aiuteranno
1009 2529 1152 2571 anche
1183 2527 1364 2583 quando
1388 2541 1435 2568 se
1460 2525 1488 2567 li
1513 2524 1684 2581 parlera

53 2607 108 2651 de
131 2621 237 2651 cose
260 2608 317 2650 de
341 2607 446 2650 Dio.

143 2686 243 2729 Non
275 2685 446 2741 piglino
469 2685 642 2738 denari,
671 2685 724 2729 ne
748 2700 908 2728 maneo
940 2684 967 2726 li
998 2683 1278 2726 domandino
1309 2697 1333 2724 a
1364 2680 1601 2731 forestieri,
1629 2679 1684 2722 ne

53 2755 81 2798 li
104 2756 365 2813 dispensino
385 2755 519 2800 etiam
545 2757 588 2799 in
613 2757 858 2800 elemosine
877 2772 1012 2799 senza
1035 2755 1190 2797 ordine
1215 2754 1426 2809 generale
1447 2768 1472 2794 o
1491 2751 1684 2807 partico-

52 2833 142 2877 lare
164 2834 235 2876 del
259 2833 506 2889 superiore,
528 2834 556 2875 il
576 2835 681 2888 qual
708 2834 845 2876 uedra
870 2848 917 2876 se
942 2848 1017 2888 per
1036 2833 1130 2875 loro
1148 2847 1174 2873 0
1199 2847 1275 2887 per
1295 2828 1505 2885 qualeun'
1525 2829 1567 2870 di
1589 2830 1684 2871 fuo-

54 2925 99 2953 ra
122 2912 159 2953 si
183 2912 408 2955 debbiano
431 2911 709 2955 distribuire.

142 2989 241 3032 Con
265 2988 293 3031 11
317 2989 514 3045 religiosi
539 2991 623 3032 6116
643 3004 861 3045 uengono
885 2989 925 3031 al
949 2987 1192 3043 colleggio‚
1216 2986 1251 3030 si
1272 2986 1335 3029 vsi
1356 2984 1615 3029 l'humanita
1640 2991 1682 3027 et
