1953 3333
578 194 717 229 EPIST.
742 192 1112 238 15¹.—3JANUAR11
1143 202 1232 238 ¹570
1628 204 1672 239 95

88 298 197 342 sime
215 295 381 351 qualita
406 309 484 350 per
507 300 714 349 regente,
740 294 854 336 volle
877 293 918 335 ci
941 294 1116 336 sussero
1134 294 1223 337 due
1246 295 1508 349 consultori,
1531 296 1614 336 che
1640 297 1715 338 ha-

89 387 268 418 uessero
291 379 398 414 uoto
429 371 545 413 nella
573 371 696 413 detta
725 369 976 425 signatura,
1005 373 1081 411 un'
1104 371 1317 425 theologo
1347 379 1390 414 et
1419 371 1563 413 l’altro
1586 385 1718 414 cano-

88 451 213 494 nista.
240 450 275 492 E
304 448 469 504 perche
502 449 666 490 uoleua
696 462 887 502 persone
916 447 1165 502 segnalate,
1199 447 1357 491 ordino
1387 449 1427 490 al
1457 450 1514 493 D.
1543 450 1717 491 Nauar-

88 542 135 571 ro
158 526 209 582 ²⁰,
236 527 265 568 il
288 526 391 580 qual
414 525 450 567 si
475 531 605 566 troua
629 524 705 578 qui
729 538 807 579 per
830 524 859 565 il
883 524 1068 579 negotio
1091 525 1147 567 de
1164 525 1489 568 l’arciuescouo
1513 525 1559 567 di
1580 526 1715 568 Tole—

87 606 161 660 do,
187 605 271 646 che
293 601 595 644 intrauenisse
625 601 670 643 in
701 601 848 655 quella
877 614 1006 643 come
1038 600 1290 655 canonista,
1325 610 1367 644 et
1398 603 1437 644 al
1470 605 1520 645 P.
1549 603 1720 645 Toledo

85 696 210 725 come
233 680 461 734 theologo.
491 680 526 721 E
558 679 753 721 nolendo
782 679 828 722 S.
857 677 945 722 Sfss
975 679 1058 720 che
1089 693 1164 733 per
1194 679 1340 732 questi
1373 686 1416 721 et
1447 679 1547 721 altri
1578 679 1716 722 effetti

84 758 407 813 d'importanza
437 756 528 811 egli
560 763 703 798 stesse
733 755 777 797 in
805 756 899 799 San
932 755 1100 811 Pietro‚
1132 754 1155 798 ὲ
1186 762 1306 798 stato
1343 756 1600 799 necessario
1635 757 1718 799 che

86 834 245 879 habbia
269 833 394 888 quiui
417 834 457 875 le
480 840 635 875 stanze
658 832 686 873 il
710 833 837 874 detto
863 833 914 876 P.
942 832 1114 874 Toledo
1138 846 1223 874 con
1247 832 1336 874 due
1364 833 1523 875 fratelli
1548 847 1624 887 per
1647 847 1718 875 ac-

86 910 406 967 compagnarlo
429 917 473 953 et
497 909 702 952 aiutarlo.

171 999 242 1042 45.
308 987 355 1030 Si
378 987 400 1030 ὲ
424 1000 590 1029 ancora
610 986 839 1041 predicato
857 987 900 1027 in
927 986 1110 1029 tedesco
1128 986 1213 1027 alla
1236 986 1425 1041 guardia
1451 987 1521 1030 del
1542 1001 1655 1042 papa
1678 997 1721 1030 et

85 1082 108 1110 a
132 1066 253 1108 molti
279 1065 377 1108 altri
401 1065 626 1113 alamanni
657 1066 774 1107 nella
803 1065 955 1108 chiesa
984 1065 1027 1110 di
1057 1066 1381 1120 Camposanto‚
1408 1065 1557 1108 uicina
1581 1081 1605 1108 a
1628 1067 1718 1110 San

88 1143 252 1194 Pietro,
274 1158 299 1186 e
331 1141 425 1185 cosi
461 1142 506 1184 in
540 1141 707 1184 diuersi
730 1142 892 1195 luoghi
915 1142 957 1184 di
991 1142 1236 1185 monasteri
1266 1150 1310 1185 et
1340 1143 1548 1198 hospitali
1580 1158 1604 1184 e
1628 1144 1718 1198 pri—

87 1220 223 1276 gioni.
250 1218 298 1264 Si
323 1221 406 1261 che
429 1219 473 1260 in
498 1220 631 1261 alcun
652 1226 804 1274 tempo
825 1234 969 1261 sonno
988 1219 1090 1261 stati
1116 1219 1190 1274 piu
1210 1219 1253 1261 di
1279 1231 1333 1262 20
1358 1222 1442 1263 che
1467 1221 1557 1262 han
1581 1235 1721 1263 esser-

85 1297 218 1340 citato
258 1296 328 1338 nei
369 1295 601 1338 medesimi
634 1295 783 1350 giorni
821 1303 982 1351 questo
1020 1296 1283 1348 ministerio3
1327 1304 1371 1340 et
1405 1311 1571 1339 ancora
1605 1298 1720 1339 nelle

86 1374 232 1430 piazze
255 1388 340 1416 con
365 1374 504 1415 molto
526 1386 747 1415 concorso
770 1388 795 1415 e
818 1373 1135 1416 sodisfattione
1158 1389 1182 1416 e
1217 1374 1415 1418 motione
1449 1375 1716 1429 degl'ascol-

85 1451 209 1501 tanti,
237 1451 278 1492 lo
301 1452 357 1492 ha
383 1450 493 1492 fatto
516 1451 695 1492 alcuno.

169 1527 239 1581 46.
305 1527 507 1570 Dandosi
531 1527 710 1569 ricordo
735 1542 810 1582 per
834 1528 994 1569 alcune
1019 1542 1208 1583 persone
1231 1528 1360 1584 graui
1386 1543 1409 1570 3
1435 1529 1482 1572 S.
1510 1528 1598 1573 Sssi'
1634 1531 1717 1572 che

84 1605 388 1647 conuerrebbe
411 1612 608 1659 stampas
630 1604 671 1647 la
695 1604 830 1646 biblia
856 1605 993 1646 molto
1023 1614 1233 1657 corretta,
1261 1607 1494 1649 conforme
1518 1622 1542 1648 a
1566 1607 1715 1661 quello

83 1683 165 1725 che
188 1683 483 1723 raccomanda
502 1681 529 1722 il
554 1681 758 1734 concilio,
784 1697 808 1724 e
831 1683 918 1723 che
942 1697 1019 1737 per
1043 1684 1085 1723 la
1110 1683 1254 1725 uerita
1278 1684 1394 1726 della
1419 1684 1602 1738 uolgata
1626 1684 1716 1726 edi·

84 1759 200 1801 tione
223 1759 259 1800 si
281 1759 540 1802 douerebbe
563 1773 839 1813 correggere
863 1760 989 1800 molti
1008 1760 1179 1814 luoghi,
1199 1761 1369 1815 deputo
1389 1762 1437 1805 S.
1464 1760 1553 1804 Sstfl
1568 1761 1715 1802 alcuni

82 1836 292 1878 cardinali
317 1837 456 1877 molto
477 1836 589 1877 dotti
613 1850 637 1877 e
662 1838 808 1891 graui,
838 1837 1000 1891 perche
1032 1839 1342 1881 attendessero
1366 1854 1390 1880 a
1419 1838 1582 1881 uedere
1605 1839 1715 1881 detti

84 1913 255 1969 luoghi,
291 1922 335 1955 et
369 1913 526 1955 ordino
555 1928 736 1965 ancora,
769 1916 855 1957 che
887 1922 1041 1956 nostro
1076 1915 1220 1958 Padre
1250 1917 1438 1970 general
1468 1916 1598 1959 desse
1628 1917 1716 1958 due

84 1990 296 2045 theologi,
322 1991 409 2033 che
432 1991 468 2032 si
493 1998 748 2032 trouassero
772 1991 814 2032 in
842 1992 989 2045 quella
1019 1993 1394 2047 congregatione,
1419 2009 1443 2036 e
1467 1992 1560 2036 cosi
1586 1995 1718 2034 furno

83 2067 282 2122 deputati
306 2066 358 2119 ²¹,
384 2075 428 2108 et
453 2068 496 2109 ui
521 2068 555 2108 si
584 2077 775 2109 trouano
798 2082 883 2110 con
912 2069 1052 2111 molta
1076 2069 1393 2113 sodisfattione
1415 2070 1484 2113 de'
1516 2070 1716 2112 cardina-

83 2143 124 2187 li.
152 2144 198 2187 Si
237 2158 318 2185 son
353 2145 462 2187 fatte
495 2145 762 2199 quest'anno
798 2145 978 2189 diuerse
1011 2146 1203 2188 orationi
1226 2147 1362 2189 latine
1386 2147 1430 2188 in
1455 2148 1625 2202 capella
1648 2148 1717 2189 del

84 2235 208 2275 papa,
235 2229 278 2263 et
301 2222 506 2277 sogliono
530 2222 558 2262 li
583 2222 723 2263 nostri
749 2222 926 2264 satisfar
954 2224 1090 2265 molto
1115 2223 1159 2264 in
1190 2224 1293 2277 quel
1323 2225 1514 2280 luogho,
1542 2226 1658 2267 doue
1682 2225 1717 2266 si

85 2305 270 2340 trouano
294 2298 321 2340 il
346 2314 460 2354 papa
483 2306 527 2341 et
550 2299 781 2349 cardinali,
808 2316 833 2343 e
856 2299 982 2341 molti
1002 2300 1159 2355 prelati
1186 2309 1230 2342 et
1255 2316 1446 2356 persone
1466 2302 1713 2356 principali.

168 2387 238 2429 47.
306 2377 551 2419 L’assunto
576 2375 896 2419 d’essaminare
928 2378 1064 2431 quelli
1089 2379 1173 2419 che
1197 2380 1349 2420 hanno
1373 2380 1429 2420 da
1452 2380 1671 2422 ordinarsi
1694 2394 1717 2420 e

84 2451 266 2505 pigliare
290 2452 504 2503 benefitii,
528 2453 722 2494 tuttauia
747 2455 787 2494 lo
819 2455 860 2495 fa
884 2455 1048 2496 alcuno
1077 2454 1120 2496 di
1152 2469 1270 2498 casa.
1300 2457 1354 2497 Et
1380 2457 1419 2497 la
1442 2470 1549 2497 cura
1572 2458 1656 2497 che
1681 2456 1714 2497 si

84 2527 199 2570 tiene
222 2528 266 2570 di
290 2531 354 2572 far
377 2544 612 2572 osseruare
638 2530 663 2570 il
689 2531 880 2572 concilio
904 2531 948 2572 in
972 2540 1296 2587 questaqpartQ
1324 2533 1366 2574 fa
1391 2535 1474 2574 che
1500 2534 1507 2573 i
1534 2533 1715 2574 chierici

84 2604 119 2645 si
151 2620 364 2661 ueggono
392 2607 532 2661 hoggi
564 2607 640 2662 piu
669 2607 910 2649 sufficienti
943 2609 1059 2651 nella
1091 2609 1312 2661 dottrina,
1346 2612 1429 2652 che
1459 2625 1547 2651 non
1578 2624 1716 2651 erano

135 2765 164 2785 ²⁰
214 2767 400 2801 Martinus
416 2767 464 2801 de
485 2767 729 2812 Azpilcueta.
752 2768 810 2802 De
838 2767 950 2813 cujus
978 2768 1203 2803 interventu
1231 2769 1268 2803 in
1296 2770 1442 2803 celebri
1461 2781 1577 2804 causa
1596 2770 1715 2804 archi-

84 2824 252 2871 episcopi
279 2827 437 2861 toletani
468 2827 751 2861 Bartholomaei
772 2827 820 2861 de
841 2828 1033 2862 Carranza
1053 2829 1160 2874 plura
1179 2828 1287 2863 dabit
1316 2830 1495 2863 ARIGITA
1515 2838 1541 2863 Y
1561 2830 1714 2874 LASSA,

84 2884 134 2918 El
157 2885 301 2919 Doctor
322 2886 522 2927 Navarro,
544 2898 631 2932 pag.
653 2886 723 2920 308
739 2898 821 2932 sqq.

134 2943 161 2962 ²¹
214 2945 263 2978 Hi
283 2944 438 2979 fuerunt
458 2946 531 2980 ΡΡ.
554 2947 781 2980 Emmanuel
811 2945 861 2979 Sa
892 2952 930 2980 et
964 2947 1102 2981 Petrus
1130 2947 1257 2981 Parra.
1282 2946 1381 2982 Vide
1410 2947 1571 2983 inferius
1604 2949 1717 2984 Com-

87 3004 337 3044 mentariola,
357 3016 393 3038 n.
420 3003 474 3050 183
496 3011 535 3039 et
556 3005 820 3048 SACCHlNUM,
844 3017 878 3050 p.
904 3005 971 3049 111,
995 3005 1062 3041 lib.
1083 3005 1131 3051 V,
1152 3018 1189 3041 n.
1209 3014 1265 3044 41.
