1891 3292
538 188 856 226 EPHEMEmDEs.
863 193 1001 238 —JAN.
1008 195 1136 231 -APR.
1161 204 1248 240 1555
1595 208 1663 244 579

171 301 223 332 [0
247 288 440 332 Ianuarii
465 289 519 331 ad
549 290 794 332 Dominum
826 292 1039 348 migrauit
1070 296 1333 351 Alphonsus
1362 300 1706 353 sottominister‚

78 349 312 404 hispanus.

164 407 260 451 Sub
282 407 418 450 finem
443 406 580 449 huius
604 408 770 449 mensis
791 409 1010 452 mirabilia
1028 414 1286 457 audiuimus
1304 416 1358 458 de
1378 417 1706 461 haereticorum

76 465 465 519 conuersionibus,
492 474 537 509 et
560 465 658 508 aliis
682 467 766 521 piis
788 470 1002 522 operibus
1026 485 1140 525 quae
1164 475 1393 518 Ferrariae
1417 476 1548 529 fiunt,
1574 479 1628 520 de
1656 478 1709 520 iis

77 525 208 570 etiam
234 539 350 580 quae
374 525 607 578 Coloniae,
633 526 858 581 Neomagi
883 536 926 569 et
950 529 1154 574 Viennae
1177 534 1446 587 agebantur.

165 595 205 638 7.
214 585 233 604 ⁰
257 584 507 638 Februarii,
534 585 617 628 SS.
645 585 844 640 pontifex
864 587 1001 629 Iulius
1020 603 1144 644 spem
1168 591 1291 633 dedit
1310 594 1515 649 collegio,
1535 595 1701 637 haben·
1710 587 1712 592 ’

76 643 119 686 di
143 643 345 687 redditus
381 656 492 686 Iooo
531 651 576 686 et
614 653 698 696 5oo
737 653 1070 703 coronatorum,
1107 649 1181 690 vbi
1222 651 1412 705 primum
1426 627 1704 696 &huiusmodi

75 702 254 758 aliquod
278 702 547 744 beneficium
573 712 769 745 vacaret
798 705 887 746 lam
914 713 1007 747 tum
1033 720 1139 749 vero
1163 709 1218 750 60
1242 724 1432 753 coronas
1450 726 1528 766 per
1550 713 1703 768 singu-

74 763 139 804 los
162 776 342 805 menses
365 761 633 815 assignauit.

162 822 401 864 Venerunt
429 821 587 864 eodem
618 821 689 862 die
720 836 775 864 ex
805 821 958 864 Sicilia
984 826 1045 866 Μ.
1084 826 1279 869 Michael
1312 829 1544 883 Bottelgio
1573 838 1617 872 et
1647 832 1711 872 Io-

73 881 260 935 sephus.

167 951 216 993 13
240 938 374 981 huius
396 938 506 980 abiit
527 938 837 994 Auingionem
862 941 914 982 R.
944 942 994 983 P.
1027 943 1215 986 Pontius
1233 959 1323 986 vna
1348 959 1451 987 cum
1475 947 1606 1002 Iulio,
1627 948 1706 991 ita-

73 999 132 1050 lo,
160 1000 298 1045 fratre
320 1005 492 1040 nostro.

165 1070 217 1114 19
241 1057 377 1099 huius
400 1057 482 1098 iuit
505 1056 550 1099 in
572 1056 865 1100 Germaniam
891 1059 942 1100 R.
973 1061 1023 1102 P.
1047 1061 1221 1102 Natalis
1243 1077 1327 1104 vna
1351 1077 1453 1106 cum
1477 1066 1598 1108 Iona.

161 1129 233 1170 24,
274 1117 533 1158 audiuimus
571 1116 615 1158 in
655 1131 812 1159 mensa
844 1116 1018 1170 literas,
1053 1119 1218 1173 quibus
1251 1123 1468 1176 praefecti
1507 1125 1707 1179 regionis

74 1177 192 1219 Peru
220 1175 571 1230 flagrantissime
600 1176 937 1218 contendebant
967 1192 991 1218 a
1023 1192 1200 1220 summo
1231 1181 1442 1234 pontifice
1471 1190 1519 1224 vt
1548 1197 1704 1237 quem-

49 1235 172 1277 'dam
197 1236 418 1278 haberent
451 1249 585 1289 quem
617 1248 695 1290 pro
725 1235 938 1290 pontifice
968 1238 1136 1281 habere
1170 1248 1370 1293 possent.
1404 1241 1531 1285 Velle
1560 1257 1607 1285 se
1638 1258 1705 1285 ro-

73 1309 231 1338 manae
255 1294 375 1337 sedis
398 1294 661 1337 obedientes
683 1294 799 1336 filios
823 1309 940 1337 esse.

161 1354 186 1396 8
211 1353 361 1397 Martii
384 1354 531 1409 coepit
553 1353 813 1395 concionari
836 1354 1050 1396 fratribus
1079 1355 1151 1397 die
1182 1358 1359 1400 veneris
1383 1359 1438 1402 R.
1464 1359 1516 1402 P.
1543 1361 1707 1404 Petrus

72 1412 396 1465 Ribaddinera,
437 1421 481 1456 et
519 1428 544 1455 a
578 1414 713 1455 Patre
742 1419 898 1454 nostro
927 1414 1222 1456 constitutum
1253 1424 1342 1471 est,
1383 1425 1429 1459 vt
1467 1418 1584 1462 idem
1620 1422 1703 1462 hoc

71 1472 263 1528 singulis
284 1479 362 1514 aut
385 1473 544 1516 saltem
568 1472 752 1515 alternis
770 1472 930 1515 diebus
948 1474 1128 1516 veneris
1152 1475 1295 1517 fieret.

160 1544 211 1575 21
240 1531 390 1574 Martii
414 1540 667 1575 extremum
691 1531 808 1574 diem
840 1532 951 1574 obiit
978 1533 1291 1576 sanctissimus
1319 1536 1522 1590 pontifex
1545 1537 1702 1581 Iulius.

71 1591 321 1634 Admonuit
349 1598 501 1635 autem
531 1604 615 1633 nos
645 1592 697 1633 R.
733 1593 785 1634 P.
820 1591 1025 1634 Olaueus
1055 1592 1189 1634 huius
1222 1595 1481 1638 occassione
1509 1610 1611 1637 cum
1637 1597 1700 1638 in—

70 1651 197 1706 genti
219 1652 385 1694 affectu
409 1658 457 1692 vt
480 1649 517 1693 si
540 1651 629 1692 vllo
653 1651 786 1692 modo
809 1651 1104 1693 christianum
1128 1652 1262 1694 nobis
1283 1661 1444 1708 pectus
1467 1662 1601 1706 esset,
1630 1671 1706 1710 per

69 1710 265 1752 animam
303 1710 507 1752 defuncti
545 1709 774 1764 pontificis
812 1724 1099 1764 precaremur
1136 1711 1501 1767 diligentissime,
1535 1722 1579 1756 et
1613 1729 1703 1757 non

70 1769 218 1811 minus
252 1769 386 1813 etiam
416 1784 497 1824 pro
526 1783 649 1811 novo
678 1768 851 1812 Christi
880 1769 1072 1823 vicario,
1101 1770 1175 1824 qui
1207 1780 1315 1812 221111
1344 1772 1428 1815 Dei
1459 1786 1537 1814 cor
1565 1783 1699 1817 esset.

68 1829 188 1871 Idem
213 1837 364 1871 autem
388 1828 689 1883 sequentibus
711 1828 872 1871 diebus
898 1830 1158 1884 frequenter
1181 1844 1205 1871 a
1228 1831 1538 1885 superioribus
1560 1832 1702 1874 incul-

33 1921 35 1923 .
69 1895 218 1930 catum
242 1895 326 1938 est,
353 1896 514 1943 estque
543 1887 800 1930 ordinatum
824 1895 872 1929 vt
896 1889 1156 1931 sacerdotes
1188 1903 1266 1944 per
1294 1905 1320 1946 9
1345 1890 1441 1933 dies
1464 1892 1701 1933 missarum

68 1948 284 1989 solemnia
307 1948 510 1991 dicerent
533 1962 613 2002 pro
636 1947 787 1989 anima
809 1948 1015 1990 defuncti
1038 1948 1281 2003 pontificis,
1308 1949 1380 1991 alii
1411 1965 1517 1993 vero
1540 1952 1703 1993 oratio·

68 2021 148 2050 nes
170 2008 353 2049 crebras
376 2009 596 2050 facerent.

155 2081 182 2123 9
206 2066 375 2121 Aprilis
398 2067 442 2108 in
465 2080 693 2108 summum
720 2065 981 2121 pontificem
1006 2067 1179 2109 electus
1203 2074 1270 2109 est
1293 2067 1596 2123 inexplicabili
1620 2070 1702 2111 Dei

70 2126 353 2180 prouidentia
376 2124 690 2168 sanctissimus
713 2126 955 2168 Marcellus
979 2134 1083 2180 2.¹1³,
1112 2126 1187 2179 qui
1206 2134 1382 2181 praeter
1406 2127 1491 2169 alia
1509 2128 1705 2183 insignia

69 2198 221 2240 opera,
249 2200 304 2228 ex
327 2185 531 2240 pecuniis
554 2185 799 2227 asseruatis
828 2187 961 2239 (quae
984 2185 1184 2239 alioquin
1214 2186 1433 2229 inutiliter
1460 2188 1606 2230 solent
1630 2202 1703 2229 ex

70 2245 204 2299 pendi
227 2244 271 2286 in
295 2244 623 2299 coronatione),
645 2252 692 2286 vt
711 2245 766 2286 ad
786 2244 896 2286 alios
915 2259 1160 2299 pauperes,
1188 2244 1252 2286 sic
1270 2245 1406 2288 etiam
1423 2247 1479 2288 ad
1502 2261 1583 2288 nos
1603 2262 1701 2301 par-

70 2310 158 2345 tem
183 2305 425 2359 quamdam
448 2303 712 2346 destinauit.
741 2303 839 2345 Ex
830 2304 884 2345 lis
913 2318 1029 2358 quae
1063 2303 1370 2358 proiiciendae
1398 2313 1526 2347 erant
1549 2305 1591 2346 in
1618 2321 1700 2360 po—

69 2364 242 2418 pulum,
269 2375 325 2405 20
347 2377 538 2405 coronas
561 2364 617 2405 ad
640 2377 722 2405 nos
744 2363 865 2405 misit
888 2370 934 2404 et
963 2375 1013 2405 10
1036 2363 1091 2405 ad
1110 2363 1400 2418 collegium&
1374 2365 1698 2407 oermanieum.

70 2423 212 2465 R.dum
238 2425 288 2466 P.
317 2430 522 2464 nostrum
546 2423 773 2477 Ignatium
797 2432 841 2464 et
866 2423 919 2465 R.
948 2423 999 2464 P.
1034 2423 1262 2465 Olaueum
1293 2423 1349 2463 ad
1378 2437 1425 2464 se
1453 2423 1702 2476 venientes,

69 2481 397 2525 humanissime
419 2482 619 2536 excepit
652 2482 807 2525 dicens
836 2481 1048 2523 omnibus
1077 2481 1244 2522 nostris
1274 2483 1329 2523 ad
1358 2495 1405 2523 se
1434 2489 1587 2535 patere
1611 2483 1701 2524 adi-

62 2547 181 2594 tum,
209 2549 351 2583 totum
376 2555 424 2583 se
447 2542 494 2583 in
519 2541 690 2583 Christi
721 2541 913 2596 gloriam
945 2541 1299 2595 promouendam
1330 2541 1630 2594 propendere,
1657 2550 1702 2583 et

67 2601 181 2643 velle
205 2601 393 2656 proinde
415 2601 532 2642 duos
554 2614 709 2643 secum
735 2615 914 2655 semper
943 2601 1113 2642 habere
1141 2614 1195 2641 ex
1225 2599 1412 2652 nostris,
1440 2614 1629 2653 quorum
1656 2602 1700 2643 in

69 2660 277 2702 omnibus
299 2660 487 2702 consilia
510 2668 794 2714 sequeretur.
828 2661 1070 2700 Innumera
1093 2665 1199 2699 sunt
1219 2658 1305 2699 alia
1333 2672 1450 2724 quae
1477 2660 1702 2701 sanctissi-

67 2732 166 2761 mus
195 2719 267 2762 ille
296 2719 469 2762 Christi
502 2719 698 2761 vicarius
729 2719 926 2774 pauxillo
962 2719 1037 2759 illo
1063 2717 1276 2771 temporis
1300 2717 1497 2772 piissime
1519 2718 1701 2761 demon-

68 2778 243 2820 strauit.

160 2849 210 2880 12
235 2837 421 2892 Aprilis,
448 2852 564 2892 quae
587 2844 684 2881 erat
705 2837 802 2879 dies
825 2836 1003 2880 veneris
1032 2844 1212 2887 sancta,
1237 2842 1413 2889 praeter
1436 2835 1520 2877 alia
1541 2836 1691 2891 poeni-

69 2896 234 2940 tentiae
256 2897 488 2948 exercitia,
520 2909 569 2951 13
595 2897 756 2940 fratres
780 2896 984 2951 publicas
1008 2894 1269 2948 disciplinas
1295 2894 1534 2937 faciebant.

156 2957 220 2997 Eo
244 2963 445 3011 tempore
469 2963 695 3000 venerunt
718 2956 774 2997 ad
798 2954 1041 3009 collegium
1072 2952 1256 3004 Fabius,
1283 2953 1535 3005 Florianus,
1563 2962 1607 2997 et
1632 2956 1698 2995 Iu-

67 3013 153 3056 lius
176 3015 511 3070 neapolitanus,
