1891 3292
393 187 526 221 INDEX
547 198 851 235 PERSONARUM,
872 202 1015 231 RERUM
1037 207 1089 233 Ac
1108 208 1306 235 Locouum
1552 206 1618 250 875

66 282 152 327 673,
196 285 280 330 7o6;
317 286 444 330 varia,
481 298 563 332 590,
602 289 687 333 601,
724 292 807 334 640,

70 344 156 386 694.

24 401 189 446 Europa,
212 413 311 446 reg.,
331 410 410 446 105,
435 412 511 446 112,
533 403 615 448 187.

29 460 192 506 Evictio,
215 460 279 506 jus
307 461 354 495 ad
381 474 480 505 eam,
507 462 590 507 347,
617 465 810 509 exigenda

70 519 118 554 de
138 520 370 566 quibusdam
392 522 515 565 bonis,
541 530 619 566 170,
646 531 723 567 172.

27 579 201 614 Examen
219 580 498 623 conscientiae,
529 592 549 614 a
568 582 810 618 scholasticis

69 638 113 673 S.
140 639 195 683 J.,
216 639 525 684 exsequendum,
555 650 596 685 x;
618 642 666 674 ab
691 644 809 677 omni-

69 699 142 732 bus
161 697 375 741 sodalibus,
397 698 480 743 546,
500 700 583 744 548,
603 700 685 744 736;
714 691 809 736 ratio

69 755 108 790 id
127 755 280 801 agendi,
302 768 340 794 v.
364 757 532 793 Polanci.

22 817 312 859 —clericorum,
331 816 530 851 sodalibus
545 817 808 865 commissum,

72 875 193 920 17-18,
216 884 337 919 21-22,
355 877 480 921 95-96.
771 882 778 900 '

21 935 116 970 —ad
151 936 363 971 audiendas
394 937 677 982 confessiones,
706 940 740 973 ei
769 952 809 974 se

68 997 285 1041 subjiciunt
311 987 467 1031 sodales
483 999 645 1044 romani,
672 1008 749 1043 124,
772 1012 807 1034 v.

68 1055 319 1091 Confessarii.

25 1115 360 1150 -candidatorum
378 1117 417 1151 S.
434 1117 488 1163 J.,
508 1116 591 1163 734,
615 1129 747 1152 norma
762 1118 809 1153 ad

66 1177 206 1220 ipsum,
229 1187 249 1209 a
268 1175 308 1213 S.
331 1175 373 1211 P.
396 1175 548 1220 Ignatio
574 1178 808 1223 conscripta,

67 1234 149 1277 376.

23 1294 394 1340 Excommunicatio‚
426 1295 475 1328 ob
495 1295 677 1329 violatam
692 1295 806 1341 juris-

63 1353 275 1388 dictionem
303 1355 628 1397 eeclesiasticam,
656 1357 739 1400 694,
768 1356 806 1390 in

65 1424 150 1447 eam
180 1416 395 1457 incurrunt,
426 1413 474 1447 de
506 1415 701 1448 sententia
731 1416 806 1450 Ma-

65 1473 192 1516 dridii,
237 1485 483 1519 quocumque
527 1474 638 1508 modo
672 1481 805 1509 contra

65 1532 290 1578 pontificem
314 1534 415 1567 bella
434 1540 633 1578 gerentes,
654 1534 736 1577 620,
757 1546 805 1569 an

65 1603 110 1626 ea
140 1593 216 1626 lata
238 1593 286 1626 ab
313 1593 470 1626 homme
499 1594 702 1627 absolvere
723 1604 804 1638 pos-

64 1651 142 1686 sint
160 1652 316 1698 quidam
336 1652 502 1695 sodales,
522 1653 605 1695 5063
626 1653 805 1686 abhomi-

64 1723 112 1744 ne
130 1718 264 1746 contra
290 1723 493 1756 personam
518 1714 803 1758 particularem,

64 1780 149 1813 520.

20 1830 399 1874 Excommunicatus,
427 1831 580 1877 quando
607 1831 801 1873 vitandus,

62 1889 145 1926 622.

18 1948 211 1983 Exercitia
236 1949 466 1995 spiritualia,
490 1950 672 1985 methodo
698 1951 804 1996 igna-

63 2007 180 2052 tiana,
217 2009 466 2054 propaganda
497 2009 544 2043 ad
579 2010 803 2044 candidato—

60 2079 144 2102 rum
192 2068 439 2110 electionem,
478 2077 561 2113 727,
593 2068 677 2113 734,
720 2081 802 2115 per-

61 2126 212 2171 agenda
233 2139 252 2161 a
274 2127 488 2173 sodalibus,
510 2128 593 2172 345,
614 2137 696 2173 544,
719 2139 800 2173 545,

62 2191 148 2219 acta
168 2186 206 2220 in
226 2186 398 2229 collegio
426 2198 598 2229 romano,
619 2186 703 2230 604,
724 2192 763 2220 et
782 2199 802 2221 a

60 2246 304 2280 scholasticis
332 2246 377 2281 S.
403 2245 443 2292 J.
472 2246 510 2280 in
541 2245 687 2290 Sicilia,
716 2245 799 2290 3853

61 2305 110 2339 ab
134 2305 299 2339 alumnis
327 2305 473 2340 romani
501 2306 712 2349 seminarii,
741 2311 799 2349 89,

61 2371 99 2398 et
135 2376 155 2398 a
189 2365 356 2410 quodam
387 2365 590 2399 sacerdote
617 2365 708 2399 dum
728 2364 802 2399 iter

61 2423 221 2468 faceret,
247 2425 330 2468 840,
352 2436 457 2459 arma
486 2425 691 2470 praecipua
710 2430 802 2459 sunt

59 2482 285 2523 Societatis,
313 2483 485 2528 557-558,
509 2483 647 2517 sedulo
667 2494 800 2528 propo—

60 2541 200 2582 nenda,
217 2541 300 2587 392,
317 2551 399 2587 544,
420 2546 503 2587 621,
523 2543 732 2589 prudenter
747 2550 801 2578 ta-

61 2613 163 2646 men,
195 2611 277 2647 544,
310 2604 394 2647 786,
427 2602 510 2649 8303
546 2614 702 2637 normae
734 2603 800 2637 ali-

58 2667 151 2707 quot
170 2660 218 2695 de
238 2673 295 2695 eis
315 2662 527 2706 tradendis,
549 2661 723 2705 803-804,
745 2662 798 2695 di-

59 2721 268 2755 rectorium
288 2721 589 2764 conficiendum,
611 2722 691 2765 358,
714 2720 797 2765 430,

58 2780 157 2814 ratio
171 2792 304 2815 eorum
321 2781 497 2816 tradendi
512 2782 698 2824 discatur,
715 2781 796 2825 388,

57 2847 238 2884 7507513
261 2842 405 2876 monita
425 2853 492 2885 pro
518 2841 798 2876 concionatori-

58 2900 131 2934 bus
151 2900 188 2935 in
208 2900 265 2935 eis
285 2907 481 2944 contenta,
505 2901 586 2944 558,
608 2901 712 2945 typis
733 2911 796 2933 ex-

59 2970 194 2994 cusum
214 2971 346 2995 eorum
367 2961 578 3004 exemplar,
607 2959 795 2992 Melchio-

59 3018 111 3052 ris
136 3019 233 3053 Cani
259 3019 578 3055 annotationibus
605 3024 796 3060 ornatum,

932 295 1013 339 654,
1035 301 1271 344 exemplaria
1292 303 1328 336 in
1356 303 1486 337 Si.·ilia
1515 305 1663 339 deside-

933 363 1075 399 rantur,
1097 357 1179 402 330,
1200 359 1281 403 345,
1301 362 1380 403 462.

886 412 1078 448 Exercitia
1115 418 1268 461 pietatis
1299 421 1540 455 scholasticis
1577 434 1663 466 pro—

933 482 1026 516 pria,
1048 485 1084 510 x.

887 531 1161 567 —scholastica
1189 535 1417 579 litterarum,
1443 545 1559 579 11-12,
1580 546 1660 581 742:

935 601 969 624 ν.
993 591 1125 634 Roma,
1146 595 1237 630 coll.
1259 594 1298 629 S.
1321 596 1372 640 J„
1394 596 1543 632 Studia.

886 651 1157 694 —corporalia‚
1188 660 1269 695 550.

886 708 1065 744 Extrema
1087 713 1240 757 Unctio,
1259 723 1557 760 sacramentum,
1584 727 1660 756 101,

937 769 1014 810 118,
1031 776 1113 804 ool.

887 827 1161 873 Eystettensis,
1184 843 1219 866 v.
1242 833 1444 869 Eichstatt.

887 886 1014 929 Ezius,
1037 889 1241 935 Arnoldus,
1267 893 1306 927 S.
1329 894 1379 937 J.,
1408 895 1483 936 146,
1505 894 1588 929 801.

1264 1020 1293 1054 Ι-“

886 1120 1021 1163 Faber,
1044 1123 1084 1155 B.
1110 1123 1259 1167 Petrus,
1281 1125 1319 1159 S.
1338 1126 1391 1172 J.,
1413 1139 1510 1162 unus
1543 1142 1562 1162 e
1590 1131 1661 1174 pri-

932 1181 1002 1214 mis
1018 1180 1151 1216 decem
1170 1183 1241 1217 ΡΡ.
1261 1182 1482 1229 Societ‘aii.‚
1500 1187 1583 1230 801,
1602 1200 1659 1222 so-

930 1239 1033 1282 litus,
1056 1241 1092 1274 in
1118 1248 1268 1285 agendo
1293 1255 1378 1277 curn
1405 1247 1592 1290 externis,
1612 1246 1659 1281 de

930 1309 970 1331 re
991 1299 1050 1343 pia
1070 1310 1143 1333 non
1169 1302 1300 1335 statim
1329 1303 1491 1337 miscere
1511 1315 1656 1338 serino-

930 1368 1031 1399 nem,
1051 1357 1132 1403 618,
1159 1360 1342 1403 singulari
1362 1364 1484 1405 gratia
1506 1364 1659 1408 loquen-

929 1415 966 1449 di
986 1416 1165 1462 donatus,
1184 1418 1266 1454 618.

883 1475 1126 1521 -Nieolaus,
1159 1477 1198 1514 S.
1227 1480 1278 1523 J.,
1301 1480 1474 1513 minister
1505 1482 1657 1525 collegii

928 1535 1175 1578 coloniensis,
1195 1548 1214 1569 a
1235 1536 1364 1570 sodale
1384 1537 1580 1572 dementia
1600 1551 1659 1573 ca-

928 1599 992 1637 pto
1011 1594 1212 1637 occiditur,
1231 1605 1314 1639 475.

884 1662 964 1685 -ν,
986 1651 1258 1695 Caementarii3
1282 1653 1465 1694 Lignarii.

880 1709 1024 1752 Fabiis,
1056 1712 1196 1746 Fabius
1226 1711 1288 1754 de,
1322 1713 1362 1747 S.
1398 1713 1446 1757 J.,
1482 1713 1565 1758 ejus
1598 1714 1653 1748 in-

924 1781 1097 1814 gressus,
1126 1769 1160 1814 8,
1187 1771 1271 1816 ejus
1299 1773 1395 1815 laus,
1427 1772 1500 1816 8-9,
1534 1780 1658 1807 rector

925 1829 1062 1863 domus
1106 1830 1347 1874 probationis
1392 1842 1569 1865 romanae
1613 1832 1658 1865 ad

926 1889 996 1923 Sti.
1015 1888 1209 1931 Andreae,
1236 1897 1311 1933 ¹34·

879 1949 1034 1991 Fabius,
1055 1948 1095 1985 S.
1125 1949 1181 1995 J.,
1202 1949 1248 1982 ad
1267 1950 1354 1984 coll.
1376 1961 1573 1984 romanum
1597 1962 1657 1984 ve-

924 2015 994 2048 nit,
1093 2036 1100 2043 .

878 2015 1086 2102 Falconigg
1119 2068 1345 2113 (Falcone),
1383 2069 1657 2112 Hieronymus,

924 2126 964 2162 S.
985 2126 1037 2173 J.,
1060 2138 1144 2170 400.

877 2186 1136 2221 Familiaritas
1172 2187 1342 2230 vitanda,
1376 2189 1543 2231 546-547,
1577 2188 1657 2232 553,

922 2257 1009 2280 cum
1048 2246 1365 2281 adolescentibus
1402 2247 1656 2292 potissimum⁷

923 2313 1016 2350 554,
1062 2313 1100 2339 et
1143 2317 1231 2340 cum
1275 2305 1428 2340 devotis
1471 2307 1655 2340 Societati

922 2366 1122 2411 utriusque
1142 2377 1273 2409 sexus,
1296 2374 1466 2409 554-555.

875 2426 1107 2459 Fantuccius
1123 2426 1354 2469 (Fantuccil,
1381 2426 1519 2469 Julius,
1542 2425 1580 2459 S.
1604 2427 1655 2469 J.,

921 2495 954 2528 9.

875 2542 1061 2585 Faranda,
1096 2542 1292 2586 Nicolaus,
1327 2542 1368 2577 S.
1412 2544 1471 2588 J.,
1507 2542 1654 2577 Indiam

920 2602 1026 2636 adire
1073 2602 1200 2646 cupit,
1238 2610 1327 2645 402,
1364 2602 1581 2636 admonitor
1616 2608 1654 2636 et

920 2663 1132 2703 consultor,
1154 2669 1237 2705 417,
1264 2671 1346 2704 459.

874 2721 1100 2763 Farnesius,
1147 2720 1389 2762 Alexander,
1434 2720 1565 2762 card.,
1598 2732 1654 2755 ar-

919 2781 1044 2824 chiep.
1091 2779 1230 2814 Montis
1273 2780 1444 2824 Regalis,
1483 2780 1652 2826 327-328,

919 2840 1073 2883 collegii
1106 2838 1146 2874 S.
1175 2840 1209 2883 J.
1244 2839 1433 2883 conditor,
1467 2839 1549 2882 327,
1569 2840 1651 2885 657,

919 2897 1093 2943 ejusdem
1128 2897 1368 2940 benefactor,
1388 2906 1470 2942 442,
1493 2905 1573 2943 522,
1595 2909 1652 2931 se-

920 2957 1121 2991 minarium
1180 2956 1407 2990 clericorum
1467 2956 1653 2990 Societati

917 3014 1176 3058 commendat,
1199 3016 1283 3060 640,
1310 3016 1464 3057 collegii
1490 3016 1653 3049 avenio-
