1891 3292
600 215 1133 262 COMMENTAmoLA.—1567
1561 218 1630 252 083

135 320 204 374 76.
272 319 430 361 Mense
459 316 714 367 Decembri,
747 331 801 359 ex
831 319 993 359 summi
1025 318 1248 372 pontificis
1280 320 1527 371 voluntate,
1562 319 1673 361 liber

51 377 305 425 cathecismi
333 375 658 430 archiepiscopi
689 375 888 427 toletani,
944 377 988 418 in
1020 378 1205 418 latinum
1236 379 1496 430 vertendus,
1535 378 1671 420 Patri-

50 441 130 482 bus
152 437 317 479 nostris
339 451 364 477 a
386 435 604 490 magistro
626 434 740 476 sacri
766 435 924 488 palacii
949 445 1015 478 est
1039 437 1187 487 datus,
1214 446 1258 477 et
1282 446 1328 478 vt
1352 445 1677 479 annotaremus

49 512 159 555 quae
181 496 236 538 ad
257 496 356 537 eius
378 494 715 536 accusationem
740 502 784 535 et
808 508 922 548 quae
946 496 1001 536 ad
1024 496 1362 539 excusationem
1387 496 1550 537 adduci
1579 504 1675 551 pot-

49 564 188 606 erant,
214 563 258 597 et
283 554 519 609 perpaucis
543 553 705 595 diebus
728 552 772 594 id
795 562 861 595 est
893 556 1105 596 effectum
1133 554 1182 596 ¹³.

135 626 204 668 77.
271 614 396 657 Sacri
427 613 585 667 palacii
615 612 1126 671 magistergpotestatem
1157 613 1282 655 dedit
1311 614 1567 668 generalem
1599 615 1681 656 So-

51 673 196 718 cietati
219 680 402 715 nostrae
424 673 481 713 ad
513 672 650 712 libros
684 672 938 725 prohibitos
973 674 1191 715 tenendos
1220 684 1262 714 et
1293 673 1499 722 Vtendos,
1533 674 1678 714 donec

23 782 29 783 ἶ
49 733 412 783 emendarentur,
438 746 528 773 non
554 738 705 772 tamen
729 731 785 771 ad
808 732 989 773 eosdem
1014 733 1247 774 emendos.

136 793 206 846 78.
273 792 375 834 Hoc
399 805 520 832 anno
547 790 758 831 Panormi
781 790 942 831 domus
972 791 1248 844 probationis
1278 805 1301 832 a
1334 790 1526 843 collegio
1557 805 1679 843 sepa·

51 859 141 896 rata
174 858 258 902 est,
295 858 339 894 et
373 850 535 891 nobilis
571 849 791 903 quaedam
812 857 1029 890 ‘matrona
1062 864 1158 891 eam
1190 849 1380 899 dotauit,
1409 857 1680 891 testamento

50 912 262 968 quosdam
287 909 490 951 redditus
513 923 602 949 non
624 908 923 962 poenitendos
942 908 980 951 ei
1002 909 1273 962 relinquens,
1295 916 1339 951 et
1358 923 1411 951 ex
1436 923 1489 950 eo
1509 917 1679 962 tempo-

50 985 96 1014 re
122 983 200 1013 ΙΟΘ
222 983 384 1011 aureos
407 969 514 1010 dare
537 968 688 1009 adhuc
708 975 938 1021 superstes
961 967 1197 1021 incipiens3
1224 976 1268 1010 et
1291 967 1589 1008 constitutum
1614 977 1681 1008 est

0 1053 1 1077 ς
51 1046 74 1074 a
98 1032 146 1072 P.
174 1036 328 1070 nostro
353 1027 609 1082 praeposito
638 1034 686 1067 vt
715 1041 767 1069 ea
797 1027 957 1067 domus
987 1027 1225 1081 praecipua
1255 1034 1391 1077 esset;
1426 1029 1678 1078 Messanae,

51 1088 316 1133 secundaria
337 1088 502 1129 domus
525 1085 816 1141 probationis.

135 1159 205 1203 79.
272 1147 582 1189 Constitutum
607 1153 674 1203 est
698 1153 744 1186 vt
768 1145 1009 1200 collegium
1035 1145 1258 1198 regiense,
1284 1146 1373 1185 huc
1404 1158 1545 1197 Vsque
1575 1158 1676 1198 pro-

53 1207 227 1250 uinciali
263 1206 547 1260 neapolitano
580 1204 828 1255 subditum,
863 1204 1124 1259 prouinciali
1160 1204 1337 1247 Siciliae
1358 1205 1606 1258 regendum
1633 1217 1683 1244 ac

53 1266 318 1308 visitandum
356 1264 728 1315 committeretur,
764 1264 867 1306 licet
908 1263 1087 1304 nomine
1126 1273 1257 1305 tenus
1295 1262 1380 1304 sub
1420 1261 1683 1317 prouinciali

53 1324 335 1380 neapolitano
359 1331 579 1376 maneret,
605 1323 709 1377 quia
732 1338 820 1365 non
846 1322 977 1365 laturi
1004 1322 1232 1375 regienses
1256 1336 1401 1375 aequo
1426 1321 1575 1363 animo
1610 1321 1678 1361 vi-

0 1389 1 1439 }
53 1385 287 1434 debantur,
314 1384 350 1425 si
374 1384 553 1427 Siciliae
579 1382 839 1437 prouinciali
865 1382 1087 1424 subesset.

138 1444 210 1486 80.
275 1444 376 1486 Hoc
400 1457 518 1485 anno
542 1442 726 1483 illustris
749 1456 898 1483 comes
916 1441 971 1483 de
999 1440 1317 1496 [Helfenstein]
1345 1448 1360 1463 ν
1383 1440 1438 1480 ad
1462 1439 1684 1493 gremium

0 1499 1 1525 ³
51 1503 281 1553 ecclesiae,
316 1510 572 1544 nostrorum
610 1500 932 1555 dilingensium
967 1515 1100 1555 opera
1134 1499 1313 1541 adiutus
1347 1498 1493 1549 rediit;
1520 1507 1564 1540 et
1598 1512 1684 1551 qua

52 1562 277 1618 impietate
321 1576 392 1603 res
434 1575 584 1603 sacras
628 1561 948 1614 ministrosque
986 1560 1324 1615 profligauerat,
1362 1573 1414 1600 ea
1452 1567 1495 1600 et
1531 1557 1685 1610 majori

53 1622 229 1677 pietate,
256 1621 493 1664 restituere
523 1620 672 1661 omnia
701 1619 889 1662 studuit.
926 1619 1039 1662 Vide
1070 1633 1243 1660 annuas
1274 1615 1528 1672 dilinganas
1558 1616 1684 1669 1567.

138 1681 210 1724 81.
277 1681 392 1723 Cum
425 1680 571 1721 insula
601 1694 734 1734 quam
770 1679 978 1721 Maderae
1012 1685 1173 1720 vocant
1207 1693 1231 1719 a
1265 1676 1395 1732 gallis
1428 1675 1583 1731 piratis
1615 1676 1685 1717 vel

54 1739 262 1787 hereticis
285 1739 445 1795 grauia
469 1740 631 1781 damna
656 1739 929 1793 pertulisset,
950 1739 1040 1779 duo
1064 1738 1320 1779 sacerdotes
1343 1735 1498 1787 nostri,
1522 1737 1572 1777 P.
1597 1735 1685 1777 Va-

53 1814 140 1850 rea,
168 1807 213 1842 et
245 1801 297 1842 P.
326 1799 596 1841 Franciscus
625 1799 857 1851 Gonealez
890 1812 993 1839 cum
1025 1797 1154 1838 tertio
1184 1797 1320 1838 fratre
1348 1795 1610 1837 coadiutore
1633 1808 1686 1836 eo

53 1858 191 1909 missi,
218 1858 390 1914 insigni
415 1872 519 1900 cum
546 1859 697 1899 fructu
721 1865 765 1900 et
788 1857 1071 1900 edificatione
1094 1856 1257 1898 ibidem
1281 1854 1444 1897 versati
1470 1863 1593 1896 sunt.

137 1918 203 1960 82.
270 1919 387 1961 Cum
413 1917 637 1972 neophitis
659 1918 905 1967 Granatae‚
934 1917 1180 1971 permultos
1210 1929 1354 1956 annos
1383 1914 1439 1955 ab
1469 1911 1684 1966 archiepi-
1713 1955 1716 1956 γ

51 1976 195 2032 scopis
218 1978 388 2019 sanctis
410 1985 454 2019 et
478 1993 501 2018 a
527 1986 677 2018 nostra
701 1976 929 2020 Societate
954 1979 1088 2030 (quae
1111 1975 1171 2016 ibi
1195 1975 1239 2015 in
1264 1975 1363 2015 loco
1387 1972 1597 2015 Albaicin
1623 1971 1686 2012 di-

49 2042 123 2078 eto
141 2040 394 2087 Versantur)
413 2044 480 2078 est
499 2038 793 2087 elaboratum,
814 2037 893 2077 sed
911 2036 1079 2089 exiguo
1096 2049 1199 2075 cum
1222 2034 1388 2075 fructu.
1412 2033 1513 2074 Hoc
1535 2040 1684 2073 tamen

48 2110 181 2147 anno,
208 2110 310 2138 cum
336 2096 452 2138 serio
471 2095 758 2151 prouincialis
778 2095 987 2138 Baeticae
1010 2109 1064 2137 eo
1093 2093 1295 2147 veniens,
1317 2106 1419 2134 cum
1439 2091 1536 2133 aliis
1555 2105 1607 2132 ea
1631 2090 1686 2131 de

52 2169 96 2197 re
117 2165 289 2210 ageret,
316 2164 446 2210 cepta
468 2163 535 2198 est
559 2155 659 2211 iniri
690 2155 802 2197 ratio
832 2154 1067 2196 commoda
1097 2168 1174 2194 eos
1203 2152 1406 2201 iuuandi,
1433 2158 1477 2193 et
1507 2151 1568 2191 ita
1600 2164 1681 2190 no-

52 2227 134 2255 uus
157 2222 200 2257 et
243 2215 468 2267 insolitus,
501 2229 552 2256 ac
592 2229 773 2269 prorsus
802 2214 1115 2268 inexpectatus
1145 2213 1319 2254 fructus
1352 2209 1503 2264 colligi
1537 2209 1687 2262 coepit

49 2287 106 2316 ex
127 2288 180 2315 eo
203 2288 373 2329 genere
395 2274 644 2325 hominum,
672 2288 774 2316 cum
799 2273 1107 2315 consolatione
1131 2279 1175 2313 et
1199 2271 1496 2312 admiratione
1521 2282 1685 2322 magna

54 2333 299 2377 hominum.

137 2392 207 2446 83.
275 2392 530 2447 Collegium
554 2393 602 2436 S.
631 2391 817 2434 Antonii
841 2390 1197 2445 vlissiponensis‚
1224 2388 1467 2430 cardinalis
1502 2385 1687 2427 infantis

52 2449 316 2495 liberalitate
347 2459 531 2494 auctum
562 2459 629 2494 est
660 2451 910 2493 redditibus
945 2450 1298 2504 quingentorum
1335 2460 1573 2489 aureorum
1609 2459 1683 2485 an-

51 2523 257 2562 nuorum,
278 2518 323 2553 et
341 2511 736 2567 septingentorum
756 2524 807 2552 ac
829 2509 988 2564 viginti
1010 2509 1258 2550 modiorum
1280 2505 1493 2548 frumenti
1517 2505 1560 2545 in
1588 2517 1664 2557 per

52 2576 253 2623 petuum‚
280 2580 324 2613 et
348 2571 563 2612 fabricam
587 2571 719 2613 etiam
739 2569 863 2611 auxit
887 2577 931 2610 et
954 2568 1150 2619 ornauit,
1178 2574 1222 2609 et
1245 2567 1300 2607 ad
1325 2566 1525 2620 quinque
1548 2562 1686 2603 millia

52 2641 289 2671 aureorum
312 2631 582 2672 ducatorum
608 2630 652 2671 in
683 2628 889 2684 singulos
919 2642 1077 2679 annos,
1104 2634 1150 2668 vt
1182 2626 1410 2674 fundator,
1437 2625 1542 2665 dare
1575 2635 1680 2663 con*

53 2686 209 2731 stituit.

138 2747 208 2800 84.
274 2749 321 2790 In
341 2749 465 2791 India
485 2748 754 2791 Franciscus
774 2748 1035 2800 Enrriquez,
1048 2752 1222 2800 praeter
1241 2741 1536 2798 gramaticam
1548 2753 1682 2793 quam

60 2896 61 2899 ¹
118 2893 137 2909 v
186 2883 347 2919 Lacuna
367 2886 409 2919 in
437 2895 530 2927 mS.‚·
556 2885 645 2919 vide
670 2885 724 2918 sis
754 2883 911 2918 litteras
936 2893 1110 2921 annuas,
1140 2891 1238 2925 quas
1268 2880 1364 2913 citat
1390 2881 1545 2917 auctor,
1579 2875 1688 2920 apud

53 2929 406 2977 BRAUNSBERGER,
426 2935 489 2979 op.
510 2932 592 2973 cit„
612 2931 659 2975 V,
681 2930 750 2975 782
769 2942 851 2976 sqq.

104 3055 132 3076 ¹³
181 3055 240 3091 Cf.
262 3056 379 3092 Lain.
403 3057 599 3098 Menum„
622 3056 690 3100 IV,
715 3054 793 3098 131,
819 3052 898 3106 1333
920 3053 1007 3096 VII,
1027 3051 1109 3095 328,
1133 3056 1207 3086 ete.
