1891 3292
612 177 1143 221 C()ix1MENTAR1or„A.—1565
1572 175 1642 220 653

56 285 155 327 dem
181 295 269 323 non
294 280 478 321 vtilibus
501 279 736 320 monachis
760 280 1056 330 habitaretur,
1083 280 1186 321 licet
1211 279 1317 329 situ,
1344 277 1622 320 habitatione
1646 285 1689 318 et

58 341 238 396 templo,
265 353 399 393 quam
423 339 619 380 maxime'
638 339 904 381 conueniret
923 339 1087 393 alioqui
1111 340 1165 380 ad
1190 338 1366 392 collegii
1392 337 1531 378 nostri
1552 337 1690 390 (quod

57 416 110 445 eo
131 399 290 442 civitas
312 398 527 440 inducere
551 398 728 438 volebat
751 397 882 438 simul
907 411 1008 439 cum
1033 398 1262 452 episcopo)
1281 396 1627 438 institutionem.

84 488 87 489 ν
146 459 216 512 65.
284 456 488 508 Louanii‚
508 457 667 498 doctor
686 455 899 498 Nicolaus
916 458 1184 506 Gaudanus,
1205 456 1272 496 vir
1289 455 1456 509 insigni
1479 454 1690 497 eruditio-

61 534 116 562 ne
136 526 180 560 et
205 516 369 572 pietate
394 515 638 570 praeditus,
665 522 709 557 et
732 515 775 555 in
802 516 1151 569 praedicatione,
1179 514 1448 558 lectionibus
1471 513 1627 565 sacris,
1648 521 1691 555 et

52 577 154 620 aliis
177 583 357 617 nostrae
380 575 619 618 Societatis
642 573 704 627 (in
729 589 816 628 qua
842 573 1200 630 professionem]
1227 574 1312 615 iam
1338 574 1509 628 pridem
1534 574 1690 615 emise-

63 639 146 689 rat)
171 634 441 686 ministeriis,
467 635 522 676 de
545 632 768 688 superiori
797 646 847 674 ac
877 634 1074 676 inferiori
1098 632 1362 684 Germania,
1388 639 1432 674 et
1462 633 1518 674 de
1541 631 1693 675 Scotia

61 699 207 752 (quam
248 693 418 748 primus
450 707 505 735 ex
542 692 707 734 nostris
742 701 788 733 vt
821 692 937 733 sumi
973 692 1196 747 pontificis
1230 692 1425 733 nuncius
1458 691 1694 746 ingressus

61 762 170 809 erat,
203 754 260 795 ad
295 753 495 808 reginam
525 753 568 793 in
599 752 746 794 officio
777 751 1055 795 retinendam
1084 760 1128 792 et
1158 751 1478 793 consolandam
1515 750 1692 803 missus)

63 813 229 870 optime
251 812 438 855 meritus
461 819 595 864 esset,
623 825 795 868 magno
817 811 884 852 sui
909 811 1131 852 desiderio
1154 825 1205 852 ea
1230 809 1272 851 in
1298 809 1593 852 Vniuersitate
1618 823 1690 851 re-

62 873 181 920 licto,
208 871 349 927 pridie
373 872 421 914 S.
450 870 631 914 Martini
654 870 772 912 diem
796 869 906 911 obiit
929 878 1195 912 extremum.

148 933 218 974 66.
285 931 381 974 Sub
407 932 527 971 hunc
551 929 698 984 ipsum
723 936 991 971 autumnum
1016 929 1060 969 in
1086 928 1305 983 Hispania
1328 927 1446 969 diem
1481 926 1592 968 obiit
1616 926 1691 967 do-

63 1000 158 1035 ctor
179 990 395 1046 egregius
419 990 642 1040 Honcala,
669 988 914 1030 canonicus
938 987 1208 1042 magistralis
1230 986 1476 1040 abulensis,
1498 985 1573 1039 qui
1593 999 1695 1026 cum

65 1052 223 1094 viuens
252 1049 527 1092 Societatem
559 1057 756 1090 nostram
787 1047 1036 1097 dilexisset,
1070 1047 1112 1088 id
1143 1046 1187 1087 in
1217 1053 1358 1087 morte
1391 1053 1581 1086 testatus
1610 1052 1694 1097 est,

63 1111 103 1154 ei
126 1116 398 1152 testamento
421 1108 616 1163 legando
644 1107 882 1149 diuturnos
911 1114 955 1149 et
980 1106 1192 1160 perutiles
1222 1106 1399 1147 labores
1428 1118 1557 1153 suOS,
1584 1104 1695 1145 duo-

52 1169 205 1212 =decim
245 1167 417 1210 scilicet
458 1176 605 1208 tomos
650 1166 986 1207 enarrationum
1026 1165 1068 1205 in
1107 1164 1373 1219 scripturam
1420 1163 1696 1213 Vniuersam,

65 1243 176 1285 opus
200 1229 393 1282 insigne,
419 1235 462 1269 et
485 1225 751 1268 eruditionis
775 1239 982 1279 magnae,
1009 1239 1034 1265 a
1058 1224 1242 1266 consilio
1266 1223 1391 1277 regio
1417 1230 1516 1277 post
1539 1236 1697 1263 censu-

66 1303 134 1330 ras
157 1286 518 1329 doctissimorum
546 1285 798 1335 hominum,
826 1284 956 1326 valde
978 1285 1296 1338 approbatum;
1323 1290 1367 1322 et
1390 1281 1559 1336 legauit
1583 1281 1693 1323 libe-

65 1357 129 1403 re,
154 1361 342 1401 sperans
364 1346 486 1399 quod
512 1345 628 1400 typis
651 1344 966 1386 excudendum
991 1351 1109 1386 esset
1139 1350 1369 1387 curatura;
1396 1350 1439 1381 et
1463 1341 1498 1381 si
1523 1340 1697 1382 externi

66 1407 358 1456 excuderent,
385 1405 528 1446 voluit
557 1403 749 1459 singulis
782 1402 984 1457 collegiis
1007 1402 1148 1456 gratis
1178 1410 1320 1442 totum
1344 1414 1457 1454 opus
1482 1399 1618 1450 tradi,
1653 1406 1697 1440 vt

47 1466 232 1521 ,vigiliis
254 1464 347 1506 suis
371 1464 674 1519 operariorum
700 1463 744 1503 in
768 1478 818 1505 ea
843 1461 992 1503 studia
1018 1468 1393 1515 promouerentur
1420 1458 1535 1514 [sic]

152 1525 224 1578 67.
292 1525 395 1566 Hoc
454 1524 543 1565 fere
598 1530 796 1576 tempore
850 1521 894 1562 in
948 1521 1139 1562 comitiis
1192 1518 1480 1572 generalibus
1529 1516 1699 1558 ordinis

68 1586 115 1629 S.
141 1583 387 1637 Francisci,
421 1582 668 1625 Vallisoleti
698 1581 957 1634 celebratis,
984 1580 1099 1622 inter
1122 1589 1319 1632 caetera,
1354 1578 1584 1619 decretum
1608 1576 1696 1618 edi-

68 1650 161 1686 tum
200 1650 284 1694 est,
322 1642 365 1684 in
400 1644 511 1685 haec
544 1642 695 1684 verba:
738 1641 879 1683 «Cum
917 1647 1066 1682 noster
1101 1640 1210 1680 ordo
1243 1640 1430 1679 fratrum
1472 1636 1697 1678 Minorum

64 1703 240 1753 existat,
267 1711 403 1757 atque
426 1702 470 1743 in
494 1701 747 1742 humilitate
772 1700 1025 1754 praecipue,
1053 1706 1097 1741 et
1121 1698 1342 1739 charitate
1371 1696 1601 1746 fundatus,
1624 1709 1697 1735 no-

66 1761 210 1806 uerint
231 1762 388 1804 fratres
406 1775 563 1802 omnes
580 1760 744 1814 vbique
763 1767 980 1801 terrarum
1001 1758 1205 1812 dispersi,
1226 1755 1477 1810 relligiosos
1497 1754 1699 1795 cuiusuis

65 1821 310 1877 relligionis
333 1821 561 1862 humiliter
584 1828 627 1863 et
650 1821 848 1860 humane
873 1826 1080 1866 tractare,
1109 1826 1202 1858 tum
1229 1816 1422 1856 maxime
1446 1828 1523 1857 eos
1543 1813 1619 1867 qui
1645 1814 1700 1855 de

64 1881 288 1925 Societate
312 1881 411 1922 Iesu
443 1879 621 1930 fuerint,
648 1893 759 1933 quos
782 1878 970 1932 diligere
992 1887 1035 1918 et
1068 1878 1287 1917 honorare
1317 1875 1502 1922 debent,
1529 1886 1700 1926 eosque

64 1941 117 1983 ad
151 1948 278 1982 actus
313 1939 566 1989 litterarios,
604 1940 820 1981 festorum
854 1936 1220 1985 celebrationem,
1258 1934 1461 1987 aliosque
1496 1932 1701 1987 publicos

64 2008 189 2042 actus
213 2000 268 2041 ad
299 2013 411 2053 quos
434 1998 646 2051 relligiosi
669 1997 915 2039 conuenire
939 1997 1102 2048 solent,
1129 2009 1232 2035 cum
1256 1993 1477 2034 charitate
1506 1991 1702 2033 inuitare

64 2066 106 2101 et
128 2059 372 2114 suscipere3
400 2073 483 2101 nec
507 2067 761 2099 nostrorum
794 2056 1031 2110 quisquam
1056 2055 1219 2096 audeat
1241 2052 1306 2096 eis
1331 2052 1509 2107 publice
1533 2053 1603 2093 vel
1629 2064 1700 2091 oc-

66 2119 183 2160 culte
206 2119 488 2160 detrahere».

53 2186 56 2188 ’
150 2178 222 2220 68.
291 2178 407 2220 Cum
447 2176 746 2220 Salmanticae
780 2173 1019 2216 concilium
1064 2171 1340 2227 prouinciale
1385 2170 1700 2224 episcoporum

65 2239 157 2291 (qui
183 2237 359 2291 plurimi
383 2244 489 2278 sunt
513 2237 597 2277 sub
622 2233 961 2288 archiepiscopo
985 2231 1350 2286 compostellano}
1375 2231 1699 2272 celebraretur,

67 2303 110 2340 et
139 2311 294 2338 eorum
326 2310 507 2351 praeses
535 2295 917 2349 archiepiscopus,
941 2300 985 2334 et
1015 2292 1102 2343 alii,
1135 2292 1190 2332 de
1220 2289 1431 2331 instituto
1462 2287 1703 2331 Societatis
1743 2314 1746 2316 v

66 2362 245 2399 nostrae
281 2356 396 2398 male
431 2355 650 2397 sentirent
679 2355 736 2395 ob
768 2354 1010 2394 multorum
1045 2352 1401 2392 obtrectatorum
1434 2346 1699 2395 calumnias,

66 2415 108 2456 in
142 2430 299 2458 eorum
330 2413 735 2469 congregationem
767 2420 952 2453 vocatus
976 2412 1137 2452 doctor
1165 2412 1386 2458 Ramirez,
1417 2417 1524 2448 tunc
1556 2413 1702 2448 rector

65 2475 242 2529 collegii
266 2473 626 2516 salmanticensis
649 2480 693 2516 et
717 2471 1026 2520 concionator,
1054 2484 1150 2511 eam
1178 2468 1374 2510 reddidit
1399 2466 1618 2507 rationem
1638 2464 1702 2505 in-

68 2534 400 2588 terrogantibus
430 2532 650 2587 episcopis
680 2531 819 2573 nostri
851 2528 1062 2578 instituti,
1097 2536 1143 2568 vt
1176 2526 1354 2569 nebulis
1385 2527 1596 2566 falsarum
1629 2523 1700 2564 in-

67 2592 381 2635 formationum
403 2592 643 2646 dissipaffis,
670 2593 822 2633 lucere
846 2590 910 2630 eis
935 2589 1100 2630 veritas
1126 2589 1237 2628 haec
1263 2585 1520 2640 gratissime
1544 2597 1703 2637 coepe-

67 2651 135 2706 rit,
162 2661 205 2695 et
229 2653 323 2706 ipse
347 2652 711 2706 archiepiscopus
736 2649 1122 2703 compostellanus
1148 2645 1283 2686 variis
1308 2644 1451 2685 modis
1475 2643 1612 2684 animi
1636 2642 1704 2683 sui

68 2711 424 2754 beneuolentiam
445 2725 554 2765 erga
572 2711 846 2753 Societatem
869 2723 973 2762 prae
991 2721 1039 2748 se
1060 2705 1228 2747 tulerit.
1252 2705 1299 2745 ln
1323 2704 1407 2745 alia
1431 2703 1564 2744 etiam
1591 2716 1699 2755 syn-

65 2770 150 2812 odo
171 2772 484 2826 episcoporum
509 2770 655 2812 Toleti
680 2776 980 2823 congregata.
1009 2765 1083 2820 qui
1115 2765 1199 2805 sub
1228 2763 1569 2816 archiepiscopo
1595 2761 1702 2803 tole-

68 2836 169 2872 tano
197 2840 318 2881 sunt,
351 2831 423 2872 cui
455 2837 658 2885 praeerat
687 2829 784 2882 ejus
808 2828 923 2877 loco,
949 2825 1189 2879 episcopus
1213 2821 1526 2873 cordubensis,
1552 2834 1655 2862 cum
1681 2834 1705 2861 a

67 2889 330 2942 quibusdam
363 2889 603 2944 episcopis,
635 2888 856 2942 quaedam
889 2885 1033 2926 iacula
1063 2884 1306 2925 verborum
1336 2882 1706 2933 intorquerentur

69 2947 112 2989 in
134 2949 429 3002 Societatem,
456 2950 607 2990 statim
637 2948 692 2989 ab
717 2947 814 3001 ipso
845 2944 1050 3000 praeside
1074 2942 1251 2997 repulsa
1275 2948 1397 2990 sunt,
1425 2948 1468 2983 et
1493 2939 1703 2981 honoriti-

69 3019 169 3050 cum
193 3009 248 3050 de
271 3024 324 3052 ea
348 3007 652 3050 testimonium
679 3007 835 3047 latum.
