1891 3292
271 203 339 237 590
780 191 969 225 PoLANcr
996 199 1308 225 COMPLEMENTA

225 295 387 344 tianus3
415 291 681 342 Ferrariam,
708 293 898 333 Ioannes
923 292 1092 333 Paulus
1116 292 1312 342 calaber3
1340 290 1607 340 Bononiam,
1628 289 1766 331 Iulius
1783 305 1846 333 sa-

224 352 382 395 cerdos
410 358 453 393 et
484 351 677 393 Michael
707 359 920 402 venetus3
954 350 1185 393 Perusiam
1216 349 1410 403 denique
1440 349 1615 403 Gaspar
1649 348 1704 389 de
1732 349 1845 393 Ave-

222 412 356 453 nione
378 409 411 463 k,
438 410 663 452 Hercules
683 409 960 452 ferrariensis
978 416 1022 452 et
1041 408 1296 451 Maturinus
1315 409 1478 463 gallus:
1501 420 1658 449 omnes
1675 406 1843 452 decern.

222 471 407 511 luerunt
429 468 631 510 similiter
654 481 757 509 cum
781 468 866 510 illis
887 482 914 524 9
943 467 1015 509 alii
1038 481 1093 509 ex
1116 468 1249 509 domo
1272 467 1318 508 in
1342 467 1523 509 diuersa
1552 465 1758 518 collegia.
1786 467 1848 510 Ex

221 527 413 582 collegio
436 534 586 569 autem
619 527 897 582 germanico,
924 540 1013 580 quo
1044 526 1226 580 vellent,
1253 525 1482 568 Henricus
1506 524 1693 576 flander,
1721 524 1846 567 Nica-

223 586 316 629 sius
339 593 383 629 et
406 586 697 628 Ghisbertus.

313 645 481 687 Eodem
506 644 578 686 die
600 651 807 686 mortuus
830 650 914 695 est,
940 651 984 687 et
1007 658 1095 685 vna
1117 657 1220 685 cum
1243 643 1334 684 don
1359 643 1524 684 Ioanne
1545 641 1590 682 in
1609 640 1765 682 eodem
1784 636 1847 685 se·

223 704 415 759 pulchro
437 702 687 757 depositus,
718 717 830 758 puer
862 703 1042 756 quidam
1072 702 1336 754 Marcellus,
1368 715 1423 743 ex
1452 699 1646 754 collegio
1669 713 1846 754 germa-

224 763 340 815 nico,
369 762 445 816 qui
470 763 722 805 haebraeus
746 762 973 816 quondam
992 764 1155 812 fuerat,
1175 769 1220 803 et
1238 775 1263 802 a
1282 763 1417 804 Patre
1435 766 1590 801 nostro
1608 758 1651 799 in
1671 758 1849 801 Christo

223 823 458 865 educatus.

311 895 338 935 9
363 881 499 922 huius
523 879 652 922 rediit
685 892 740 921 ex
777 879 1001 933 legatione
1030 878 1238 933 polonica
1267 876 1281 896 ⁸
1313 879 1365 920 R.
1403 877 1454 919 P.
1487 876 1746 926 Salmeron,
1778 876 1849 930 qui

225 947 416 981 mortem
439 939 699 993 intelligens
732 939 784 981 R.
820 940 871 980 P.
909 937 1071 993 Ignatii
1103 945 1147 980 et
1176 938 1228 980 R.
1272 938 1319 979 P.
1354 935 1506 978 Olauii
1541 935 1585 976 in
1618 934 1850 977 lachrimas

224 998 445 1053 prorupit,
472 997 659 1039 miratus
682 998 989 1045 vehementer,
1017 996 1243 1050 quomodo
1266 995 1414 1037 studia
1441 1001 1485 1036 et
1509 993 1594 1035 alia
1616 992 1850 1036 Societatis
1872 999 1883 1035 *vi

223 1057 408 1112 negotia
431 1056 566 1098 solito
588 1057 721 1097 modo
744 1056 1051 1110 procederent.

313 1117 416 1170 Ipso
438 1117 487 1159 S.
515 1114 714 1157 Mathaei
736 1114 840 1171 [die]
866 1114 947 1156 iuit
974 1115 1186 1156 Loretum
1211 1114 1272 1155 M.
1303 1111 1405 1154 Pisa
1427 1126 1516 1152 vna
1539 1124 1642 1152 cum
1665 1111 1847 1152 Ferran-

226 1182 285 1227 te,
312 1174 564 1225 Lactantio,
591 1175 756 1215 Ioanne
786 1173 988 1228 Baptista
1017 1186 1157 1228 paruo
1186 1179 1229 1213 et
1259 1172 1347 1213 don
1371 1172 1537 1212 Ioanne
1558 1170 1786 1223 Layenez,
1808 1176 1850 1212 vt

226 1234 288 1276 ibi
313 1234 358 1275 in
384 1235 532 1275 locum
558 1234 620 1275 M.
647 1234 862 1287 Montoya
886 1233 1163 1274 succederet.
1196 1232 1244 1272 In
1271 1230 1428 1273 itinere
1451 1230 1564 1271 duos
1592 1227 1674 1270 sibi
1699 1228 1851 1271 obuios

224 1301 269 1335 et
298 1293 442 1334 multa
464 1293 827 1346 blasphemantes
845 1291 1070 1334 demulsit.

320 1364 374 1394 22
400 1350 694 1406 Septembris,
721 1350 902 1404 publico
925 1362 1213 1391 romanorum
1238 1347 1422 1389 consilio
1439 1355 1482 1388 et
1500 1347 1548 1390 S.
1569 1347 1616 1389 S.
1638 1346 1849 1400 approba-

229 1411 368 1462 tione,
394 1411 450 1452 ad
473 1409 678 1464 publicos
701 1409 876 1451 labores
905 1423 992 1450 vna
1015 1422 1115 1449 cum
1134 1407 1230 1448 aliis
1249 1406 1468 1459 religiosis
1485 1413 1530 1448 et
1547 1404 1851 1446 sacerdotibus

228 1469 409 1519 euocati
434 1482 607 1520 sumus3
635 1469 690 1509 ad
712 1482 825 1521 quos
847 1467 1054 1520 sequenti
1081 1480 1185 1507 mox
1207 1466 1278 1507 die
1296 1465 1423 1519 quasi
1446 1464 1682 1518 sexaginta
1699 1476 1850 1505 nume-

226 1543 276 1570 ro
301 1543 402 1570 cum
424 1528 654 1583 ligonibus
672 1534 716 1570 et
735 1526 1044 1568 instrumentis
1062 1525 1159 1567 aliis
1175 1524 1471 1579 prodiuimus,
1493 1522 1706 1566 veniente
1723 1522 1851 1564 etiam
1877 1539 1889 1558 .-

230 1588 471 1630 nobiscum
495 1588 547 1629 R.
578 1588 628 1629 P.
658 1586 879 1640 Layenez.
917 1585 1032 1626 [dem
1060 1584 1246 1625 fecimus
1279 1593 1332 1636 25
1364 1582 1500 1623 huius
1523 1595 1661 1636 quum
1686 1582 1778 1623 fere
1800 1592 1852 1634 40

226 1660 447 1689 essemus.

228 1778 348 1817 guae
372 1762 700 1805 continentiam
725 1763 780 1803 de
802 1761 898 1802 istis
923 1760 1206 1812 tumultibus,
1239 1759 1484 1801 orationem
1511 1766 1553 1801 et
1577 1756 1848 1798 communio-

228 1837 331 1865 nem
357 1821 733 1876 frequentiorem,
759 1820 953 1873 denique
978 1821 1032 1861 ad
1061 1818 1363 1873 poenitentiae
1392 1826 1436 1859 et
1465 1816 1647 1860 alterius
1677 1814 1848 1870 pietatis
1878 1822 1882 1849 ἰ

228 1896 366 1936 opera
387 1894 700 1935 quaecumque
726 1879 997 1922 feruentiora
1021 1878 1314 1932 amplexanda
1338 1891 1418 1932 pro
1447 1875 1530 1918 Dei
1555 1874 1697 1930 gloria
1719 1881 1762 1915 et
1781 1888 1845 1915 ur·
1881 1885 1891 1930 ξ

227 1941 355 1995 genti
379 1939 649 1982 necessitate
673 1952 787 1992 quae
816 1946 909 1979 tum
935 1938 1101 1979 Vrbem
1125 1937 1316 1991 Vrgebat
1340 1934 1690 1978 aduentantibus
1713 1932 1847 1974 hosti·
1880 1955 1882 1960 ν

227 2000 330 2042 bus.
380 1999 550 2041 luimus
588 2005 736 2038 autem
776 1999 830 2039 ad
870 1997 1047 2038 labores
1093 1995 1295 2051 publicos
1339 1994 1517 2049 saepius
1561 1992 1891 2047 sequentibus·

228 2058 404 2100 diebus.
1888 2045 1891 2057 ¹

319 2129 372 2170 25
398 2116 532 2157 huius
562 2115 865 2158 intelleximus
888 2115 943 2156 de
974 2121 1118 2154 morte
1141 2114 1194 2155 R.
1225 2113 1272 2156 P.
1302 2111 1515 2154 Bernardi
1547 2108 1753 2160 Oliuerii,
1779 2107 1848 2162 qui

228 2175 398 2230 primus
437 2174 613 2229 collegii
653 2173 825 2215 romani
860 2181 1006 2215 rector
1039 2171 1329 2224 constitutus,
1366 2171 1408 2212 in
1434 2169 1689 2212 Flandriam
1712 2168 1848 2210 iuerat
1883 2167 1891 2199 θ’

228 2249 348 2276 anno
369 2244 441 2287 54,
462 2241 506 2275 et
525 2232 716 2275 Tornaci
740 2241 922 2274 strenue
945 2246 1046 2273 cum
1072 2232 1124 2272 R.
1155 2232 1205 2272 P.
1233 2230 1455 2285 Quintino
1478 2229 1715 2270 laborarat.
1738 2229 1848 2270 Mor·
1886 2255 1887 2258 η

229 2301 335 2335 tuus
358 2300 427 2334 est
450 2307 557 2334 vero
581 2299 721 2346 peste.
1888 2286 1891 2289 ’

318 2354 564 2405 Postquam
591 2349 949 2391 exhortationem
974 2349 1092 2390 illam
1118 2348 1296 2390 fecisset
1320 2349 1372 2390 R.
1402 2349 1452 2389 P.
1480 2354 1641 2397 rector,
1667 2342 1847 2400 asperri-

228 2425 324 2452 mas
351 2425 555 2464 quasque
587 2408 889 2464 poenitentias
921 2408 1125 2449 certatim
1161 2407 1435 2461 expetebant
1465 2406 1639 2458 fratres,
1673 2404 1729 2447 de
1757 2416 1847 2458 por-

230 2470 377 2511 tandis
395 2469 570 2520 ciliciis,
593 2467 808 2510 faciendis
826 2466 1090 2520 disciplinis,
1118 2465 1312 2513 ieiuniis,
1332 2475 1418 2507 etc.
1443 2464 1532 2507 Sed
1550 2463 1647 2505 istis
1664 2461 1848 2516 negatis,

229 2528 456 2571 concessit
485 2535 534 2569 vt
563 2527 699 2580 aliqui
730 2533 796 2568 ter
826 2525 870 2566 in
901 2526 1182 2567 hebdomada
1206 2526 1261 2568 V.
1296 2523 1628 2565 Eucharistiam
1658 2520 1847 2574 suscipe·
1886 2530 1891 2556 ι’

228 2595 343 2638 rent,
370 2596 414 2630 et
442 2586 636 2641 singulis
668 2586 828 2626 diebus
852 2599 928 2639 per
959 2586 1114 2626 horam
1146 2585 1244 2638 plus
1275 2583 1406 2625 solito
1441 2589 1747 2637 precarentur;
1779 2577 1846 2619 cui
1879 2586 1891 2631 q

298 2738 316 2761 k
367 2734 588 2778 Auingioen
608 2745 679 2769 ms,

298 2873 311 2891 ⁸
362 2869 622 2915 Corrigendus
641 2868 797 2902 omnino
816 2867 877 2901 hic
906 2868 1024 2910 locus,
1046 2872 1087 2901 ut
1111 2866 1203 2901 fecit
1230 2867 1361 2910 ignota
1392 2877 1540 2908 manus,
1566 2864 1613 2898 ad
1641 2863 1845 2906 marginem
1867 2864 1884 2890 ἲ

229 2919 455 2962 autographi
474 2918 662 2951 scribens:
683 2916 763 2949 «Ex
780 2915 949 2959 Belgica3
968 2914 1059 2948 vide
1074 2925 1201 2956 supra,
1218 2913 1279 2947 die
1302 2921 1343 2957 19
1359 2913 1542 2958 Aprilis.»
1559 2911 1618 2946 Cf.
1635 2917 1673 2945 et
1691 2911 1848 2949 Chron.,.
1881 2920 1891 2939 ι’

229 2966 295 3008 VI,
329 2965 435 2999 22-23
467 2967 517 3007 (11.
553 2966 624 3008 57),
659 2969 697 2997 et
727 2962 772 2996 32
805 2965 857 3004 (n.
890 2961 964 3005 85);
998 2967 1079 2995 tum
1106 2961 1283 2995 Monmn.
1314 2961 1460 3006 Ignat„
1490 2971 1564 2996 ser.
1594 2958 1661 3001 La,
1689 2958 1737 3002 X,
1767 2954 1843 3000 418,

229 3021 299 3055 420
319 3019 392 3047 etc.
