1891 3292
254 211 323 252 624
763 207 947 241 POLANCI
975 215 1292 241 COMPLEMENTA

302 310 349 350 18
373 307 507 349 huius
530 314 751 349 venerunt
773 307 864 348 duo
887 306 960 348 alii
986 308 1143 349 fratres
1165 321 1219 348 ex
1244 305 1505 360 Hyspaniis,
1532 319 1721 360 quorum
1745 307 1830 351 Lu-

206 368 305 410 cius
327 381 457 419 vnus,
484 366 595 407 alter
617 379 724 408 vero
748 373 1034 419 nuncupatur
1059 366 1158 408 Vila
1181 366 1281 406 loda
1305 364 1417 421 [sic].

295 425 430 467 Venit
452 424 695 466 dormitum
718 423 761 465 in
786 424 977 478 collegio
996 432 1149 466 nostro
1167 423 1291 465 iussu
1318 425 1367 466 Ρ.
1391 422 1540 464 vicarii
1563 422 1743 476 quidam
1767 439 1828 468 re-

204 484 391 539 ligiosus
415 482 583 524 ordinis
606 484 654 526 S.
684 482 916 525 Benedicti
944 483 986 524 in
1011 483 1218 537 Foligno.

297 555 347 598 19
368 541 515 593 huius,
542 556 655 595 quae
678 548 773 583 erat
795 541 1017 583 dominica
1037 541 1105 596 3.’²
1124 549 1223 596 post
1242 541 1584 595 penthecostem
1603 540 1725 582 venit
1744 542 1825 584 Ro·

202 617 317 644 mam
344 603 394 644 P.
420 601 669 650 Salmeron,
694 602 745 643 P.
773 601 1045 652 Emerardus,
1066 607 1109 643 et
1135 602 1186 642 P.
1211 599 1485 642 Pelletarius.
1508 599 1643 640 Venit
1665 599 1721 640 ad
1740 601 1825 646 col-

201 661 367 715 legium
392 660 702 714 germanicum
726 660 915 702 Ioannes
933 659 1201 701 Franciscus
1219 657 1519 701 messanensis
1536 671 1620 699 vna
1644 671 1746 699 cum
1764 660 1824 702 Ia-

202 719 283 761 fro.
312 718 586 773 Accepimus
609 718 914 773 subscriptum
935 719 1215 760 mandatum.

288 789 358 819 20.
387 777 660 831 Accepimus
683 777 834 819 literas
857 792 882 818 a
907 777 1129 819 Balduino
1153 791 1229 831 per
1252 776 1520 818 Anselmum
1544 788 1646 816 cum
1671 774 1824 831 imagi-

199 836 346 878 nibus.
384 837 646 878 Coenarunt
681 838 838 879 Patres
870 836 914 876 in
947 836 1156 890 collegio.
1190 836 1391 877 Allatum
1424 841 1491 877 est
1524 833 1739 876 nuncium
1773 835 1826 878 de

201 897 251 938 P.
280 895 497 949 Baptista,
524 896 644 949 quod
666 903 785 937 esset
807 895 1014 938 Genuae.

288 966 358 997 21.
387 954 523 996 Venit
545 955 601 995 ad
624 954 865 1009 collegium
891 954 1264 996 Bartholomaeus
1283 952 1462 1006 quidam
1488 952 1706 994 senensis.

287 1025 340 1055 22
382 1013 518 1054 huius
555 1020 803 1066 coeperunt
840 1012 1245 1068 congregationem
1286 1013 1443 1053 Patres
1472 1010 1675 1065 professi.
1712 1010 1826 1054 Visit

199 1087 268 1114 me
292 1072 521 1114 Adrianus
544 1072 617 1113 ille
641 1073 699 1114 D.
720 1072 894 1125 Sonnii,
916 1079 960 1114 et
979 1086 1083 1126 prae
1106 1086 1154 1114 se
1178 1071 1263 1113 fert
1281 1069 1431 1112 nescio
1451 1069 1557 1123 quid
1574 1068 1823 1112 inclinatio-

198 1131 267 1173 nis
289 1132 344 1172 ad
374 1131 661 1173 Societatem.

287 1202 341 1242 23
380 1190 514 1231 huius
552 1196 801 1244 coeperunt
838 1189 987 1230 dicere
1025 1189 1223 1230 officium
1257 1187 1520 1230 Anthonius
1556 1193 1600 1228 et
1638 1187 1824 1230 Ioannes

198 1248 468 1291 Franciscus
489 1248 633 1290 siculi.
660 1249 873 1302 Emptum
897 1255 964 1290 est
989 1247 1142 1289 vinum
1168 1247 1391 1289 salernum
1419 1246 1528 1301 [sicl.

284 1319 340 1360 24
363 1307 497 1349 huius
521 1308 636 1348 festo
659 1308 706 1350 S.
735 1307 913 1348 Ioannis
937 1308 1088 1361 Bapt.,
1115 1305 1331 1348 constitui
1360 1304 1545 1347 firmiter
1568 1318 1647 1359 per
1670 1304 1819 1346 eonsi-

197 1366 302 1408 lium
330 1368 382 1410 R.
411 1369 463 1409 Ρ.
490 1365 645 1407 vicarii
675 1365 1019 1420 diligentissime
1049 1365 1334 1420 singulorum
1365 1365 1538 1406 dierum
1570 1364 1819 1418 profectum

192 1433 235 1467 et
259 1432 358 1467 acta
382 1440 459 1479 per
482 1425 567 1468 Die
590 1425 783 1479 gratiam
814 1432 986 1476 notare3
1020 1426 1264 1467 obseruare
1293 1422 1614 1478 inspirationes
1644 1422 1745 1473 Dei,
1778 1431 1820 1466 et

191 1484 287 1527 illas
310 1484 490 1538 exequi,
517 1484 714 1527 maxime
737 1483 856 1526 circa
885 1483 1172 1535 domesticos,
1200 1484 1376 1534 fratres,
1409 1489 1453 1524 et
1483 1481 1593 1523 alios
1615 1481 1819 1525 homines

190 1543 431 1585 iuuandos:
457 1544 577 1597 quod
600 1558 625 1584 a
649 1550 692 1585 te
714 1543 921 1598 exigetur
952 1542 1193 1596 aliquando
1217 1543 1346 1583 ratio.

279 1602 525 1644 Nunciauit
550 1603 716 1656 populo
740 1603 792 1644 Ρ.
819 1602 1013 1643 vicarius
1035 1610 1079 1642 vt
1105 1609 1283 1643 orarent
1317 1614 1396 1655 pro
1425 1599 1649 1642 electione
1672 1614 1813 1655 gene-

189 1660 302 1702 ralis.
329 1661 579 1712 Scripserat
602 1661 752 1702 literas
778 1662 831 1703 P.
859 1661 1048 1703 Pontius
1071 1661 1127 1701 ad
1159 1662 1208 1702 Ρ.
1242 1659 1458 1702 vicarium
1489 1673 1577 1700 non
1608 1673 1817 1714 expresso

187 1720 367 1762 nomine
391 1720 560 1770 vicarii,
589 1721 709 1774 quod
732 1719 999 1774 displicebat
1024 1719 1251 1761 fratribus.

276 1790 328 1832 25
355 1779 489 1820 huius
512 1779 743 1833 coepimus
766 1779 914 1822 dicere
937 1778 1113 1820 litanias
1134 1778 1178 1819 in
1203 1776 1395 1832 collegio
1418 1784 1590 1820 nostro.
1617 1776 1816 1832 Diligen-

187 1837 402 1880 tissimam
426 1852 579 1880 curam
605 1839 800 1881 habebat
826 1840 877 1880 P.
900 1837 1111 1880 Canisius
1133 1837 1253 1879 circa
1271 1836 1522 1892 profectum
1542 1836 1814 1891 spiritualem

187 1910 521 1940 Germanorum.

185 1932 213 1951 δ
274 1956 329 1997 26
352 1956 487 1997 huius
510 1956 745 1998 dicebatur
769 1969 927 2010 papam
951 1955 1128 1997 dedisse
1157 1967 1235 1997 loo
1257 1968 1434 2004 aureos,
1455 1954 1546 1995 duo
1569 1953 1686 1996 dolia
1705 1953 1811 2004 vini,

183 2021 228 2056 et
252 2014 446 2070 rub[b]ia
469 2015 513 2055 di
536 2028 681 2068 grano
712 2014 930 2057 Societati
959 2022 1139 2056 nostrae
1170 2028 1249 2068 pro
1278 2013 1655 2068 congregatione,
1682 2020 1726 2054 et
1748 2012 1811 2054 in-

181 2087 316 2127 super
338 2075 488 2115 adhuc
514 2080 697 2128 paratus
720 2080 768 2113 vt
792 2074 918 2127 plura
940 2073 1082 2114 daret.
1109 2072 1387 2116 Sollicitasse
1418 2086 1598 2126 quoque
1627 2086 1704 2126 per
1733 2072 1811 2113 du-

181 2145 278 2173 cem
315 2133 578 2186 Paleanum,
606 2133 661 2173 ad
694 2140 873 2173 nostros
901 2132 1105 2185 missum,
1137 2142 1184 2173 vt
1213 2132 1269 2173 ad
1299 2133 1464 2174 festum
1493 2131 1541 2174 S.
1576 2130 1698 2172 Petri
1727 2131 1810 2173 ele-

180 2191 269 2232 ctio
290 2191 518 2245 generalis
542 2191 684 2233 fieret.
713 2192 834 2233 Laus
859 2192 956 2233 Deo
980 2191 1058 2245 qui
1078 2204 1184 2233 vere
1207 2198 1276 2232 est
1298 2190 1477 2233 adiutor
1506 2189 1551 2231 in
1581 2188 1810 2244 oportuni-

182 2249 366 2291 tatibus.

269 2320 342 2361 27.
408 2308 542 2352 Venit
567 2308 611 2349 in
636 2308 878 2363 collegium
905 2308 976 2350 ille
995 2309 1199 2351 Iacobus.
1222 2307 1396 2362 Accepi
1418 2322 1473 2351 ex
1495 2307 1628 2349 domo
1652 2314 1807 2349 mutuo

186 2379 234 2409 12
258 2382 420 2409 aureos
442 2368 498 2409 ad
521 2367 790 2409 soluendum
811 2367 981 2408 vinum.
1005 2367 1142 2409 Venit
1162 2369 1348 2409 Romam
1367 2367 1455 2408 don
1476 2366 1623 2422 Diego
1641 2367 1804 2410 Goess-

181 2440 346 2467 manno
370 2434 421 2467 ¹¹¹¹.

267 2486 320 2526 28
346 2485 479 2526 huius
502 2483 670 2526 mensis
693 2481 807 2526 Iunii
832 2484 955 2526 venit
981 2485 1165 2527 Romam
1190 2486 1312 2526 solus
1339 2487 1388 2526 P.
1417 2484 1620 2539 Baptista
1644 2486 1803 2539 hyspa-

178 2557 277 2594 nus,
305 2558 359 2587 ex
382 2543 599 2598 hyspanis
621 2543 908 2598 praecipuus.
932 2543 1069 2586 Venit
1092 2551 1242 2586 autem
1268 2543 1486 2586 miraculo
1510 2543 1701 2597 quodam
1727 2556 1803 2597 per

178 2616 297 2644 mare
321 2617 375 2645 ex
401 2602 645 2645 Barselona
667 2602 876 2645 Genuam
895 2602 1077 2644 duobus
1095 2603 1272 2654 diebus,
1293 2603 1338 2644 et
1361 2611 1516 2657 postea
1540 2604 1725 2644 Romam
1748 2601 1802 2643 ad

176 2660 375 2703 vltimam
412 2663 596 2703 Patrum
629 2661 1049 2715 congregationem,
1092 2675 1208 2715 quae
1246 2661 1415 2715 aliquot
1453 2661 1614 2703 diebus
1652 2659 1802 2702 habita

178 2720 337 2762 fuerat.
368 2721 471 2762 Hoc
499 2734 605 2762 vero
638 2721 711 2763 die
744 2719 1037 2774 quatriduum
1072 2735 1203 2761 suum
1239 2727 1504 2774 coeperunt,
1529 2734 1619 2773 quo
1652 2727 1800 2762 essent

174 2778 311 2819 dediti
333 2786 370 2802 vv
393 2779 674 2820 orationibus
702 2786 746 2820 et
776 2779 1096 2820 consultationi
1129 2793 1280 2820 coram
1313 2778 1509 2821 Domino
1542 2780 1598 2820 ad
1630 2778 1797 2833 eligen-

174 2836 280 2878 dum
304 2838 564 2892 generalem
596 2837 667 2879 die
696 2838 907 2879 sabbathi
940 2837 1158 2892 proximo.
1195 2839 1303 2879 Erat
1337 2851 1530 2891 namque
1565 2847 1671 2879 tunc
1704 2836 1797 2878 dies

175 2895 328 2937 martis
351 2904 394 2939 et
417 2896 568 2951 vigilia
591 2897 895 2951 apostolorum
920 2898 977 2939 D.
1001 2896 1124 2939 Petri
1146 2902 1190 2938 et
1216 2896 1359 2939 Pauli.
1384 2897 1641 2951 Coeperunt
1664 2895 1795 2938 etiam

244 3036 279 3052 uu
333 3027 457 3072 Legas
477 3027 704 3062 Guzmanno
725 3026 945 3070 (Guzman).
999 3036 1084 3053 ...vv
1109 3026 1222 3061 detiti
1247 3039 1317 3063 ms.

1876 2819 1879 2851 i
