1891 3292
288 217 357 252 720
797 203 982 238 POLANC!
1009 212 1321 239 COMPLEMENTA

237 308 337 351 dem
353 314 566 359 tempore,
586 317 688 345 cum
708 303 931 358 generalis
951 305 1228 358 praepositus
1247 320 1336 346 non
1353 314 1471 349 esset
1488 307 1636 348 adhuc
1655 316 1848 352 creatus.

326 376 396 417 27.
463 365 509 405 In
527 339 735 405 badensi&
730 363 1059 415 marchionatu,
1080 365 1164 404 sub
1184 364 1317 406 finem
1336 365 1456 418 anni,
1480 366 1630 419 magni
1652 380 1852 421 progres

237 439 313 466 sus
336 424 378 464 in
409 421 628 463 catholica
659 420 890 475 relligione
921 421 1023 462 facti
1054 429 1174 473 sunt,
1207 431 1249 464 et
1281 423 1444 478 templa
1473 402 1611 465 multa
1640 426 1779 466 cultui
1811 434 1853 470 et

237 483 366 525 nitori
388 481 572 536 pristino
594 480 815 529 restituta,
841 489 884 520 et
908 479 1076 533 aliquot
1101 482 1195 522 loca
1221 483 1385 535 populo
1415 496 1668 534 numerosa,
1694 486 1850 538 expul-

236 543 295 584 sis
318 539 554 582 haereticis
578 537 804 590 ministris,
828 546 871 580 et
901 539 1132 580 catholicis
1161 541 1393 594 impositis,
1423 542 1478 582 ad
1510 517 1726 585 ecclesiae
1757 557 1854 597 gre-

240 601 377 642 mium
413 598 656 648 redierunt,
702 612 837 652 opera
875 599 922 638 Ρ.
962 597 1148 652 Georgii
1177 599 1429 642 Schorichii
1462 600 1517 641 ad
1547 599 1591 640 id
1620 601 1857 654 plurimum

239 666 445 701 1uuante.

791 733 959 800 AN[N]o
991 758 1162 787 DOMINI
1203 756 1311 799 1573

334 848 370 878 Ι.
438 833 521 875 Die
550 845 598 886 13
624 831 813 873 Ianuarii
838 833 891 874 D.
920 832 1147 874 Antonius
1170 835 1334 883 AraOZ,
1362 842 1461 888 post
1485 835 1648 889 primos
1678 848 1727 878 10
1749 837 1854 879 anti-

240 893 481 962 quissimus
506 892 806 946 professorum
830 890 1084 943 Societatis,
1111 892 1175 933 vir
1200 893 1350 934 multis
1373 893 1455 935 Dei
1479 895 1609 936 donis
1630 896 1791 949 clarus,
1816 904 1858 938 et

240 956 284 996 in
309 951 527 1008 Hispania
550 964 744 1004 magnae
768 949 1063 1000 auctoritatis,
1091 951 1298 992 Madrldii
1322 952 1447 993 obiit.

329 1025 371 1055 2.
438 985 693 1064 Collegium
718 1009 988 1059 tolosanum,
1014 1023 1115 1050 cum
1142 1023 1305 1064 magna
1331 1018 1606 1064 premeretur
1630 1011 1797 1066 inopia,
1817 1020 1858 1055 et

241 1071 434 1113 dominis
473 1067 726 1123 capitolinis
764 1067 1068 1121 significatum
1099 1044 1243 1119 esset?
1261 1069 1508 1111 timendum
1538 1084 1636 1112 esse
1667 1085 1724 1113 ne
1754 1084 1856 1113 con—

239 1130 497 1187 gregatiog
471 1126 694 1169 creneralis
717 1126 824 1166 illud
848 1126 936 1167 alio
962 1102 1322 1169 transferendum
1353 1136 1586 1179 statueret,
1613 1143 1713 1170 cum
1738 1130 1856 1172 dota-

246 1191 369 1231 tione
393 1194 581 1238 earm-,et
608 1185 778 1226 addidit
802 1183 898 1241 [szc]
923 1186 978 1226 ad
1007 1199 1086 1227 eos
1116 1186 1316 1227 redditus
1345 1201 1457 1240 quos
1487 1187 1609 1241 prius
1637 1189 1859 1231 habebant

242 1250 328 1291 800
353 1249 625 1293 francorum,
652 1243 763 1285 alios
793 1255 916 1294 1200,
944 1245 1027 1285 hac
1050 1245 1307 1286 conditione
1332 1246 1548 1299 apposita
1576 1253 1623 1287 vt
1650 1246 1715 1288 eis
1746 1248 1857 1290 frue-

241 1315 362 1351 retur
397 1304 639 1358 collegium
667 1303 810 1344 donec
839 1303 935 1344 aliis
964 1302 1212 1344 redditibus
1234 1303 1273 1344 ei
1304 1305 1535 1359 applicatis
1558 1306 1744 1348 comode
1768 1320 1856 1348 sus-

242 1365 403 1408 tentari
426 1364 522 1405 sine
545 1362 613 1403 his
636 1368 800 1416 posset.

333 1438 372 1478 3.
440 1424 504 1464 Ex
529 1421 660 1462 bonis
681 1419 898 1462 admiralli
924 1419 1111 1461 heretici
1140 1421 1357 1471 defuncti,
1383 1429 1426 1463 et
1456 1422 1529 1475 qui
1560 1430 1754 1464 nostram
1780 1424 1856 1466 So-

242 1485 447 1526 cietatem
472 1482 647 1522 infense
671 1480 841 1528 oderat,
868 1492 969 1519 curn
994 1493 1072 1521 sex
1096 1479 1230 1520 millia
1256 1480 1507 1521 francorum
1532 1480 1724 1535 singulis
1747 1481 1856 1524 relli-

244 1543 458 1598 gionibus
490 1546 642 1581 essent
675 1539 795 1589 data,
832 1545 875 1578 et
904 1537 947 1578 in
979 1551 1130 1578 earum
1166 1540 1406 1593 cathalogo
1439 1540 1581 1580 nostri
1618 1540 1855 1606 praeteriti;

243 1615 437 1654 cumque
461 1600 683 1640 referente
707 1598 769 1638 Ill.
777 1603 824 1620 ¹¹²⁰
848 1597 950 1639 Car.
958 1594 977 1619 ¹¹
1001 1597 1278 1651 Lothoringo
1302 1598 1345 1638 id
1369 1598 1551 1652 reginae
1573 1599 1701 1640 matri
1725 1599 1856 1654 signi·

243 1662 423 1702 ficatum
449 1666 583 1707 esset,
616 1656 852 1698 duodecim
888 1655 1023 1696 millia
1051 1656 1242 1710 collegio
1273 1656 1503 1710 parisiensi
1533 1658 1588 1698 ad
1616 1658 1777 1699 domos
1797 1657 1856 1699 vi-

243 1720 365 1761 cinas
387 1715 657 1759 coemendas
679 1714 831 1756 donati
854 1721 974 1756 sunt.

331 1790 369 1830 4.
436 1778 536 1818 Hoc
587 1783 786 1828 tempore
818 1787 1021 1814 summus
1056 1773 1256 1827 pontifex
1286 1788 1363 1827 per
1396 1774 1661 1828 apostolicas
1695 1774 1857 1817 litteras

245 1836 436 1878 iniunxit
462 1833 583 1877 Patri
607 1832 805 1885 Canisio,
831 1839 878 1872 vt
902 1832 1074 1884 aliquos
1100 1832 1321 1886 principes
1343 1833 1613 1875 Germaniae
1636 1835 1792 1885 adiret,
1816 1834 1856 1876 et

243 1898 297 1938 de
329 1894 472 1936 modis
500 1892 776 1946 relligionem
812 1891 1104 1944 promouendi
1135 1892 1179 1932 in
1209 1891 1467 1942 Germania,
1499 1906 1651 1934 eorum
1682 1900 1854 1935 senten·
1890 1894 1891 1897 ’

245 1956 345 1996 tiam
377 1952 648 2006 exquireret;
695 1958 738 1992 et
770 1958 861 1990 tum
892 1951 1070 1991 demum
1101 1959 1145 1991 vt
1175 1950 1269 2003 ipse
1305 1952 1485 1991 Romam
1521 1951 1708 1994 veniret.
1746 1951 1855 1994 Aliis
1889 1969 1891 2003 3

243 2014 376 2055 etiam
400 2027 455 2054 ex
486 2010 652 2051 nostris
680 2008 813 2050 scribi
844 2008 1000 2062 voluit,
1034 2016 1080 2049 vt
1110 2010 1164 2051 de
1193 2017 1311 2049 statu
1343 2023 1491 2051 rerum
1521 2010 1789 2052 Germaniae
1815 2019 1856 2052 et

243 2071 400 2115 mediis
424 2085 521 2112 eam
546 2067 731 2109 iuuandi
756 2067 1004 2109 scriberent
1035 2069 1154 2121 quod
1182 2067 1226 2108 in
1255 2067 1450 2109 Domino
1478 2069 1713 2111 sentirent:
1741 2069 1855 2123 quod
1890 2082 1891 2090 ¹

242 2139 286 2175 et
311 2132 475 2172 factum
501 2134 583 2171 est.

334 2200 373 2242 5.
440 2189 554 2230 Cum
591 2184 872 2239 Burdegalae
911 2183 1149 2236 collegium
1190 2192 1391 2225 nostrum
1425 2193 1541 2227 esset
1580 2185 1853 2239 inchoatum,

244 2261 411 2300 magno
441 2261 542 2287 cum
581 2246 742 2294 fructu,
768 2244 810 2283 in
841 2243 928 2283 situ
957 2243 1148 2295 quodam
1179 2244 1234 2284 ad
1264 2257 1414 2298 regem
1446 2244 1711 2298 pertinente,
1740 2245 1813 2299 qui
1833 2259 1856 2287 a

244 2308 412 2351 Carolo
447 2308 616 2358 Magno
649 2303 811 2344 dicitur
843 2316 940 2343 esse
973 2301 1147 2341 cuidam
1184 2303 1385 2356 hospitali
1416 2303 1702 2354 destinatum,
1741 2304 1854 2358 prior

244 2367 442 2420 quidam,
470 2364 554 2405 sub
579 2362 706 2403 cuius
732 2361 927 2415 prioratu
951 2360 1063 2401 situs
1094 2360 1351 2402 huiusmodi
1381 2369 1490 2411 erat,
1534 2363 1762 2416 resignare
1786 2376 1853 2404 vo-

243 2426 324 2466 luit
360 2424 479 2464 illum
515 2422 559 2462 in
593 2420 771 2474 collegii
809 2421 1023 2469 fauorem3
1059 2427 1101 2458 et
1137 2433 1211 2460 rex
1245 2419 1337 2473 ipse
1356 2420 1751 2463 christianissimus
1784 2435 1855 2476 per

243 2498 372 2525 suum
412 2488 633 2522 01atorem
668 2479 712 2519 in
748 2479 867 2519 Vrbe
905 2477 1154 2541 supplicare
1192 2478 1331 2520 voluit
1366 2493 1541 2520 summo
1575 2480 1777 2534 pontifici
1810 2486 1853 2520 vt

243 2544 486 2597 prioratum
511 2538 789 2603 praedictum
815 2537 1005 2589 collegio
1027 2536 1168 2577 vniret
1192 2537 1235 2577 in
1268 2545 1546 2591 perpetuum3
1574 2540 1691 2592 quod
1716 2537 1854 2593 ponti-

246 2604 315 2643 tex
340 2600 530 2641 libenter
553 2598 666 2639 sub
659 2597 839 2637 inicium
862 2595 1007 2636 Martii
1027 2596 1266 2637 concessit.

332 2660 372 2701 6.
442 2660 557 2701 Cum
581 2657 664 2697 sub
688 2655 868 2696 inicium
893 2654 1278 2708 quadragesimae,
1299 2653 1484 2695 ineunte
1503 2655 1761 2706 Februario,
1783 2669 1852 2695 no·
1887 2667 1889 2694 τ

243 2718 321 2760 stri
346 2719 387 2759 in
413 2716 642 2759 Corsicam
669 2712 990 2768 peruenissent,
1015 2720 1058 2753 et
1082 2713 1124 2752 in
1156 2713 1320 2766 oppido
1351 2713 1572 2766 primariO,
1601 2715 1750 2756 Bastia
1777 2727 1853 2754 no·
1886 2762 1887 2767 ¹

246 2777 380 2830 mine,
407 2784 451 2818 et
474 2774 601 2816 aliis
592 2788 636 2814 in
662 2772 784 2822 locis,
811 2786 911 2812 cum
936 2770 1151 2821 singulari
1177 2771 1407 2811 hominum
1442 2774 1586 2813 fructu
1619 2786 1850 2814 versaren-

247 2845 333 2889 tur,
348 2847 564 2877 accensus
581 2831 822 2886 episcopus
840 2822 1232 2883 marianensis(qui
1251 2837 1381 2872 antea
1401 2831 1561 2872 bonam
1580 2833 1636 2874 ad
1654 2831 1724 2872 id
1715 2843 1854 2886 lpsum
1885 2842 1887 2853 ⁴

247 2870 522 2936 voliintatem
547 2891 834 2942 ostenderat),
861 2889 916 2929 de
938 2888 1115 2941 collegii
1142 2888 1424 2931 institutione
1453 2904 1588 2943 agere
1617 2890 1732 2933 serio
1760 2902 1852 2931 coe·
1884 2920 1887 2929 .

249 2954 324 3009 pit,
348 2960 391 2993 et
421 2966 497 3006 per
525 2951 710 3002 litteras,
745 2963 823 3003 pro
852 2961 1018 3001 magno
1051 2946 1168 2988 illius
1201 2947 1459 3001 prouinciae
1494 2950 1612 2990 bono
1644 2948 1785 3004 petiit,
1809 2952 1854 2987 vt

250 3020 484 3067 postquam
510 3024 532 3050 a
557 3006 858 3050 fundamentis
881 3013 999 3049 esset
1020 3012 1219 3047 erectum
1243 3013 1287 3048 et
1312 3007 1530 3059 dotatum,
1555 3007 1613 3049 ita
1637 3014 1684 3049 vt
1707 3008 1854 3049 saltem
1883 3017 1886 3055 ι
