2045 3353
816 268 1059 294 PRAEFATlo
1663 271 1704 296 IX

121 362 482 407 Constitutiones
510 361 773 404 scribendas
802 361 834 416 ⁵³,
876 369 919 403 at
950 363 1034 404 hoc
1069 362 1165 417 ipso
1205 377 1323 404 anno
1354 363 1539 406 ineunte
1581 366 1745 405 Polan—

119 455 200 482 cus
222 440 262 482 ei
286 455 310 481 a
331 439 517 481 secretis
539 453 639 481 esse
663 438 810 494 coepit
837 438 884 481 ¹⁰.
914 440 1015 481 Hoc
1051 447 1199 481 tamen
1221 447 1394 482 certum
1420 439 1550 481 nobis
1573 440 1750 483 videtur

122 517 304 559 Polanci
346 516 592 558 Industrias
631 525 735 558 ante
775 516 886 558 illud
923 517 1154 571 exemplar
1190 516 1596 569 Constitutionum,
1630 518 1749 572 quod

117 594 320 649 [gnatius
345 593 598 648 praecipuis
635 593 846 635 Patribus
882 595 1049 635 Romae
1076 594 1371 648 congregatis
1404 601 1600 636 exeunte
1631 610 1749 636 anno

122 682 232 725 1550
270 670 483 721 ostendit,
521 670 712 725 scriptas
747 685 863 722 esse;
901 671 935 711 si
976 670 1085 712 illud
1123 684 1278 712 revera
1300 678 1366 713 est
1391 672 1510 724 quod
1543 672 1590 714 P.
1613 673 1748 727 Joan-

116 764 196 791 nes
213 748 442 805 josephus
465 748 520 791 de
544 750 586 790 la
617 749 756 790 Torre
784 748 927 790 edidit
954 747 1003 791 ¹¹.
1038 748 1197 790 Plures
1232 747 1426 791 rationes
1460 749 1623 790 adduci
1648 763 1749 803 pos-

115 833 220 867 sunt
244 826 409 880 quibus
428 832 580 867 nostra
604 826 792 868 assertio
817 826 1047 881 probetur.

204 905 265 945 At
289 903 480 958 primum
504 902 612 944 satis
632 902 792 944 mirum
811 911 929 945 esset
952 904 1197 944 Polancum
1218 917 1448 956 nunquam
1469 901 1606 944 citare
1631 903 1727 945 Con

113 980 386 1031 stitutiones,
413 994 660 1034 earumque
683 979 1000 1022 auctoritatem
1026 979 1326 1035 interponere,
1354 979 1390 1021 si
1415 979 1514 1021 illae
1528 980 1620 1034 jam
1644 979 1748 1021 scri-

114 1065 216 1113 ptae
239 1064 407 1108 essent,
433 1071 535 1099 cum
561 1055 605 1098 id
629 1071 845 1112 magnum
870 1056 1152 1099 auctoritatis
1184 1058 1360 1112 pondus
1389 1063 1508 1099 esset
1539 1056 1635 1099 sine
1664 1057 1747 1098 du—

112 1134 187 1177 bio
210 1135 451 1177 allaturum
475 1135 531 1177 ad
554 1149 659 1178 suas
685 1135 882 1178 rationes
906 1135 1254 1178 confirmandas.

201 1213 432 1267 Secundo,
460 1214 610 1268 plures
634 1227 703 1254 res
727 1212 770 1253 in
796 1211 1031 1254 Industriis
1056 1212 1263 1267 proponit
1284 1213 1509 1254 Polaticus
1534 1227 1634 1254 oum
1659 1213 1746 1254 du-

1199 1289 1229 1308 ¹²
1257 1290 1398 1332 multo
1423 1290 1567 1345 magis
1591 1291 1746 1333 defini-

112 1290 199 1343 bio,
225 1290 450 1345 quaejam
474 1291 518 1332 in
542 1290 698 1333 codice
718 1292 759 1333 A
783 1289 1172 1333 Constitutionum

112 1354 181 1410 tae
204 1375 326 1420 sunt;
353 1368 474 1422 quod
498 1368 712 1423 explicari
737 1367 1061 1410 rationabiliter
1086 1382 1175 1409 non
1202 1375 1363 1423 potest,
1386 1367 1469 1409 nisi
1495 1368 1747 1411 industriae

109 1452 214 1488 ante
238 1447 323 1487 hoc
347 1445 574 1500 exemplar
599 1444 991 1488 Constitutionum
1015 1444 1209 1500 scriptae
1233 1444 1337 1488 sint.
1361 1446 1578 1499 Exempla
1602 1446 1749 1500 aliqua

108 1524 166 1565 ob
191 1523 344 1565 oculos
369 1522 547 1565 lectoris
571 1537 810 1578 ponemus,
838 1530 886 1564 ut
910 1525 1020 1565 haec
1043 1522 1155 1564 ratio
1178 1523 1337 1565 clarior
1361 1530 1589 1578 appareat:

198 1600 236 1655 a)
302 1602 349 1642 In
368 1600 587 1642 industria
608 1601 693 1654 3.a,
717 1615 760 1643 n.
785 1600 857 1653 26,
881 1600 1035 1643 timide
1055 1600 1264 1656 proponit
1286 1601 1512 1643 Polancus
1538 1608 1747 1643 votorum

109 1677 467 1721 renovationem.
493 1678 567 1721 Sic
597 1678 716 1720 enim
748 1678 825 1721 ait:
866 1679 1072 1720 «Parme
1101 1678 1329 1734 ayztclaria
1360 1678 1400 1720 al
1433 1679 1654 1721 stablezer
1685 1680 1750 1720 los

107 1755 362 1798 studiantes
384 1771 412 1810 y
435 1763 557 1798 otros
580 1770 667 1810 que
692 1755 842 1798 tienen
866 1770 921 1810 ya
945 1763 1049 1798 voto
1073 1757 1128 1798 de
1152 1757 1192 1798 la
1217 1757 1485 1811 Compafn'a,
1511 1770 1539 1811 y
1565 1756 1697 1799 viuen
1724 1771 1748 1798 a

106 1846 185 1874 sus
207 1822 428 1888 espessas,
454 1833 495 1874 el
518 1848 710 1876 renouat
734 1833 844 1876 cada
869 1839 955 1875 ano
978 1848 1055 1876 sus
1079 1833 1334 1889 propositos
1352 1849 1380 1888 y
1397 1840 1525 1875 votos
1551 1848 1636 1875 con
1662 1848 1750 1887 que

106 1919 394 1961 entraron...;
421 1924 448 1964 y
472 1910 508 1952 si
532 1925 692 1965 pareze
714 1924 820 1953 cosa
845 1925 1011 1966 nueua7
1039 1925 1097 1952 no
1121 1926 1170 1954 es
1193 1911 1249 1953 de
1275 1910 1542 1963 mambillar,
1570 1925 1680 1965 pues
1705 1911 1748 1952 10

104 2001 152 2028 es
175 1993 301 2028 tener
323 2002 378 2030 en
404 1988 463 2029 tal
488 1988 620 2029 modo
645 1995 783 2043 gente
810 2001 866 2029 en
890 1988 930 2030 el
955 1988 1193 2031 studio...»

196 2065 243 2106 In
268 2065 424 2108 codice
450 2067 490 2108 A
511 2067 595 2107 hoc
618 2065 679 2107 ita
703 2065 985 2121 proponitur:
1012 2068 1155 2108 «Para
1174 2081 1364 2109 renovar
1389 2067 1428 2108 la
1454 2065 1669 2108 memoria
1693 2066 1748 2109 de

106 2143 146 2185 la
170 2143 426 2198 obligacion
450 2158 537 2199 que
563 2144 730 2197 tienen,
758 2159 785 2199 y
809 2145 1100 2186 confirmasse
1131 2148 1226 2186 mas
1255 2159 1310 2187 en
1344 2159 1395 2186 su
1427 2144 1642 2186 vocaciOn
1667 2145 1748 2185 dos

106 2235 238 2264 veces
261 2222 373 2264 cada
392 2227 495 2273 ano,
523 2238 548 2264 a
574 2224 750 2265 Pascua
774 2223 830 2264 de
855 2222 1185 2265 Resurreccion
1210 2237 1236 2278 y
1261 2222 1486 2277 Navidad,
1508 2236 1553 2263 se
1564 2221 1747 2277 podwin

106 2313 295 2342 renovar
318 2300 383 2342 los
407 2307 538 2342 votos
561 2299 744 2355 simples
767 2315 855 2354 que
880 2301 945 2341 los
970 2301 1207 2342 Escolares
1238 2300 1546 2351 hicieron...»;
1574 2307 1618 2341 et
1637 2299 1745 2341 infe-

106 2375 211 2418 rius:
242 2395 319 2420 «...
346 2392 373 2431 y
398 2392 504 2432 para
527 2378 568 2419 lo
587 2392 773 2429 mesmo,
799 2393 826 2433 y
851 2386 1099 2433 augmento
1123 2378 1178 2420 de
1201 2377 1439 2431 devociom
1462 2391 1507 2418 es
1531 2377 1631 2418 bien
1656 2392 1743 2432 que

104 2467 129 2495 a
151 2453 316 2496 ciertos
341 2454 546 2509 tiempos‚
576 2469 663 2509 que
688 2459 932 2510 pareeeran
952 2455 1294 2507 convenientes,
1318 2469 1544 2498 renueven
1569 2469 1647 2497 sus
1671 2469 1745 2495 vo-
1805 2461 1807 2463 ’

107 2536 261 2574 tos...»
291 2530 340 2573 ¹³.

173 2668 187 2688 ⁹
237 2668 626 2716 Ibid.‚11‚2[1547].

158 2728 186 2747 10
236 2728 335 2764 Ibid.

160 2788 184 2806 ¹¹
238 2786 544 2823 constitutiones
560 2790 871 2835 SocietatisJesn
887 2789 1040 2823 latinae
1057 2792 1092 2823 et
1111 2789 1344 2834 hispanicae
1359 2800 1446 2822 cum
1463 2799 1601 2821 earum
1618 2787 1743 2821 declu-

104 2847 339 2882 rationz'bus.
363 2848 569 2894 Appendix
589 2849 774 2892 secunda,
798 2861 883 2894 pag.
907 2849 1076 2892 365-418.

157 2908 185 2926 ¹2
236 2907 420 2942 Codicem
442 2909 474 2942 A
497 2908 828 2944 Constitutionum
850 2915 962 2943 vocat
982 2909 1021 2944 P.
1045 2909 1102 2942 LA
1134 2909 1284 2943 TORRE
1310 2908 1506 2952 exemplar
1532 2918 1631 2941 anno
1655 2914 1742 2949 1550

105 2966 283 3001 Patribus
302 2968 447 3002 Romae
466 2968 715 3013 congregatis
736 2969 987 3014 propositum,
1013 2980 1179 3014 eumque
1196 2979 1265 3001 nos
1287 2966 1422 3001 eodem
1446 2966 1558 2999 modo
1577 2966 1742 3010 appella-

105 3024 244 3058 bimus.
267 3025 327 3059 Cf.
349 3038 411 3071 op.
431 3027 514 3069 cit.‚
536 3038 622 3072 pag.
645 3036 685 3061 XI
705 3032 744 3061 et
764 3026 847 3070 365.

159 3084 186 3102 ¹³
237 3084 333 3119 Cod.
354 3086 402 3128 A,
424 3092 519 3131 part.
542 3087 606 3130 IV,
627 3098 710 3132 cap.
729 3086 796 3129 IV,
818 3099 854 3120 n.
878 3096 911 3130 43
934 3087 972 3121 in
992 3098 1053 3131 op.
1075 3086 1157 3127 cit,
1179 3097 1264 3130 pag.
1288 3084 1367 3129 375.
